<?xml version="1.0" encoding="UTF-8"?><collection xmlns="http://www.loc.gov/MARC21/slim"><record><leader>00000cam a2200000 i 4500</leader><controlfield tag="001">ocm23921305</controlfield><controlfield tag="003">OCoLC</controlfield><controlfield tag="005">20240127100239.6</controlfield><controlfield tag="008">910612s1979    cc            000 1 chi  </controlfield><datafield ind1=" " ind2=" " tag="010"><subfield code="a">   80835064 </subfield></datafield><datafield ind1=" " ind2=" " tag="040"><subfield code="a">DLC</subfield><subfield code="b">eng</subfield><subfield code="c">CLU</subfield><subfield code="d">IOG</subfield><subfield code="d">OCLCQ</subfield><subfield code="d">OCLCG</subfield><subfield code="d">OCLCA</subfield><subfield code="d">OCLCQ</subfield><subfield code="d">OCLCO</subfield><subfield code="d">LOA</subfield><subfield code="d">OCLCF</subfield><subfield code="d">OCLCO</subfield><subfield code="d">OCLCQ</subfield><subfield code="d">OCLCO</subfield><subfield code="d">OCLCQ</subfield><subfield code="d">OCLCL</subfield></datafield><datafield ind1=" " ind2=" " tag="066"><subfield code="c">$1</subfield></datafield><datafield ind1="1" ind2=" " tag="029"><subfield code="a">AU@</subfield><subfield code="b">000015296096</subfield></datafield><datafield ind1=" " ind2=" " tag="035"><subfield code="a">(OCoLC)23921305</subfield></datafield><datafield ind1="0" ind2="4" tag="050"><subfield code="a">PL2815.A636</subfield><subfield code="b">F4 1979</subfield></datafield><datafield ind1="0" ind2="0" tag="082"><subfield code="a">359.d.65</subfield></datafield><datafield ind1="1" ind2=" " tag="100"><subfield code="6">880-01</subfield><subfield code="a">Duanmu, Hongliang,</subfield><subfield code="d">1912-1996.</subfield><subfield code="1">https://id.oclc.org/worldcat/entity/E39PBJyGX9xGJhBxc6rtqhkkXd</subfield></datafield><datafield ind1="1" ind2="0" tag="245"><subfield code="6">880-02</subfield><subfield code="a">Feng ling du /</subfield><subfield code="c">[Zhu zhe Duanmu Hongliang].</subfield></datafield><datafield ind1=" " ind2=" " tag="260"><subfield code="6">880-03</subfield><subfield code="a">Xianggang :</subfield><subfield code="b">Wen jiao chu ban she :</subfield><subfield code="b">Fa xing Tian di tu shu you xian gong si,</subfield><subfield code="c">1979 printing.</subfield></datafield><datafield ind1=" " ind2=" " tag="300"><subfield code="a">1, 202, 4 pages ;</subfield><subfield code="c">19 cm</subfield></datafield><datafield ind1=" " ind2=" " tag="336"><subfield code="a">text</subfield><subfield code="b">txt</subfield><subfield code="2">rdacontent</subfield></datafield><datafield ind1=" " ind2=" " tag="337"><subfield code="a">unmediated</subfield><subfield code="b">n</subfield><subfield code="2">rdamedia</subfield></datafield><datafield ind1=" " ind2=" " tag="338"><subfield code="a">volume</subfield><subfield code="b">nc</subfield><subfield code="2">rdacarrier</subfield></datafield><datafield ind1="1" ind2=" " tag="490"><subfield code="6">880-04</subfield><subfield code="a">Zhongguo xian dai wen xue cong shu (Wen jiao chu ban she)</subfield></datafield><datafield ind1=" " ind2=" " tag="500"><subfield code="a">Short stories.</subfield></datafield><datafield ind1="0" ind2=" " tag="505"><subfield code="6">880-05</subfield><subfield code="a">Zui jiao -- Qing di -- Feng ling du -- Luo shi gu -- Huo tui -- Pao mo -- E xia -- Ke su xing de -- San yue ye qu.</subfield></datafield><datafield ind1=" " ind2="0" tag="650"><subfield code="a">Short stories, Chinese</subfield><subfield code="y">20th century.</subfield></datafield><datafield ind1=" " ind2="6" tag="650"><subfield code="a">Nouvelles chinoises</subfield><subfield code="y">20e siècle.</subfield></datafield><datafield ind1=" " ind2="7" tag="650"><subfield code="a">Short stories, Chinese.</subfield><subfield code="2">fast</subfield><subfield code="0">(OCoLC)fst01117143</subfield></datafield><datafield ind1=" " ind2="7" tag="648"><subfield code="a">1900-1999</subfield><subfield code="2">fast</subfield></datafield><datafield ind1=" " ind2=" " tag="758"><subfield code="i">has work:</subfield><subfield code="a">Feng ling du (Text)</subfield><subfield code="1">https://id.oclc.org/worldcat/entity/E39PCH6P9F4gxmfmgtWRRqDC73</subfield><subfield code="4">https://id.oclc.org/worldcat/ontology/hasWork</subfield></datafield><datafield ind1="0" ind2="8" tag="776"><subfield code="i">Online version:</subfield><subfield code="a">Duanmu, Hongliang, 1912-1996.</subfield><subfield code="t">Feng ling du.</subfield><subfield code="d">Xianggang : Wen jiao chu ban she : fa xing Tian di tu shu you xian gong si, 1979 printing</subfield><subfield code="w">(OCoLC)760213918</subfield></datafield><datafield ind1=" " ind2="0" tag="830"><subfield code="6">880-06</subfield><subfield code="a">Zhongguo xian dai wen xue cong shu (Wen jiao chu ban she)</subfield></datafield><datafield ind1="1" ind2=" " tag="880"><subfield code="6">100-01/$1</subfield><subfield code="a">端木蕻良,</subfield><subfield code="d">1912-</subfield></datafield><datafield ind1="1" ind2="0" tag="880"><subfield code="6">245-02/$1</subfield><subfield code="a">風陵渡 /</subfield><subfield code="c">[著者 端木蕻良].</subfield></datafield><datafield ind1=" " ind2=" " tag="880"><subfield code="6">250-00/$1</subfield><subfield code="a">再版.</subfield></datafield><datafield ind1=" " ind2=" " tag="880"><subfield code="6">260-03/$1</subfield><subfield code="a">香港 :</subfield><subfield code="b">文敎出版社 :</subfield><subfield code="b">發行 天地圖書有限公司,</subfield><subfield code="c">1979 printing.</subfield></datafield><datafield ind1="1" ind2=" " tag="880"><subfield code="6">490-04/$1</subfield><subfield code="a">中國現代文學叢書 (Wen chiao chʻu pan she)</subfield></datafield><datafield ind1="0" ind2=" " tag="880"><subfield code="6">505-05/$1</subfield><subfield code="a">嘴角 -- 青弟 -- 風陵渡 -- 螺螄谷 -- 火腿 -- 泡沫 -- 軛下 -- 可塑性的 -- 三月夜曲.</subfield></datafield><datafield ind1=" " ind2="0" tag="880"><subfield code="6">830-06/$1</subfield><subfield code="a">中國現代文學叢書 (Wen chiao chʻu pan she)</subfield></datafield></record>