<record><leader>00000cam a2200000Mi 4500</leader><controlfield tag="001">ocn914974927</controlfield><controlfield tag="003">OCoLC</controlfield><controlfield tag="005">20240127100239.6</controlfield><controlfield tag="008">130808r1970uuuuxx            000 0 chi d</controlfield><datafield ind1=" " ind2=" " tag="040"><subfield code="a">DEBBG</subfield><subfield code="b">ger</subfield><subfield code="e">rakwb</subfield><subfield code="c">DEBBG</subfield><subfield code="d">OCLCQ</subfield><subfield code="d">OCLCO</subfield><subfield code="d">OCLCQ</subfield><subfield code="d">OCLCL</subfield></datafield><datafield ind1=" " ind2=" " tag="066"><subfield code="c">$1</subfield></datafield><datafield ind1="0" ind2=" " tag="029"><subfield code="a">DEBBG</subfield><subfield code="b">BV041210420</subfield></datafield><datafield ind1=" " ind2=" " tag="035"><subfield code="a">(OCoLC)914974927</subfield></datafield><datafield ind1="0" ind2="4" tag="082"><subfield code="a">895.1351</subfield><subfield code="q">OCoLC</subfield><subfield code="2">22/eng/20230216</subfield></datafield><datafield ind1=" " ind2=" " tag="084"><subfield code="a">EG 13999</subfield><subfield code="2">rvk</subfield></datafield><datafield ind1="1" ind2=" " tag="100"><subfield code="6">880-01</subfield><subfield code="a">Duanmu, Hongliang</subfield><subfield code="d">1912-1996</subfield><subfield code="1">https://id.oclc.org/worldcat/entity/E39PBJyGX9xGJhBxc6rtqhkkXd</subfield></datafield><datafield ind1="1" ind2="0" tag="245"><subfield code="6">880-02</subfield><subfield code="a">Feng ling du :</subfield><subfield code="b">[duan pian chuang zuo] /</subfield><subfield code="c">[zhu zuo ren: Duanmu Hongliang].</subfield></datafield><datafield ind1=" " ind2=" " tag="250"><subfield code="6">880-03</subfield><subfield code="a">[Ju] Chongqing Shanghai za zhi gong si 1939 nian chu ban [ying yin].</subfield></datafield><datafield ind1=" " ind2=" " tag="260"><subfield code="6">880-04</subfield><subfield code="a">[Xianggang] :</subfield><subfield code="b">Chuang zuo shu she,</subfield><subfield code="c">[ca. 1970]</subfield></datafield><datafield ind1=" " ind2=" " tag="300"><subfield code="a">3, 1, 172 Seiten</subfield></datafield><datafield ind1=" " ind2=" " tag="336"><subfield code="a">Text</subfield><subfield code="b">txt</subfield><subfield code="2">rdacontent/ger</subfield></datafield><datafield ind1=" " ind2=" " tag="337"><subfield code="a">ohne Hilfsmittel zu benutzen</subfield><subfield code="b">n</subfield><subfield code="2">rdamedia/ger</subfield></datafield><datafield ind1=" " ind2=" " tag="338"><subfield code="a">Band</subfield><subfield code="b">nc</subfield><subfield code="2">rdacarrier/ger</subfield></datafield><datafield ind1=" " ind2=" " tag="546"><subfield code="a">In chines. Schr.</subfield></datafield><datafield ind1=" " ind2=" " tag="758"><subfield code="a">Feng ling du (Text)</subfield><subfield code="1">https://id.oclc.org/worldcat/entity/E39PCH6P9F4gxmfmgtWRRqDC73</subfield><subfield code="4">https://id.oclc.org/worldcat/ontology/hasWork</subfield></datafield><datafield ind1="1" ind2=" " tag="880"><subfield code="6">100-01/$1</subfield><subfield code="a">端木蕻良.</subfield></datafield><datafield ind1="1" ind2="0" tag="880"><subfield code="6">245-02/$1</subfield><subfield code="a">風陵渡 :</subfield><subfield code="b">[短篇創作] /</subfield><subfield code="c">[著作人: 端木蕻良].</subfield></datafield><datafield ind1=" " ind2=" " tag="880"><subfield code="6">250-03/$1</subfield><subfield code="a">[據]重慶上海雜誌公司1939年初版[影印].</subfield></datafield><datafield ind1=" " ind2=" " tag="880"><subfield code="6">260-04/$1</subfield><subfield code="a">[香港] :</subfield><subfield code="b">創作書社</subfield></datafield></record>