<record><leader>00000cam a2200000Mi 4500</leader><controlfield tag="001">ocn814306152</controlfield><controlfield tag="003">OCoLC</controlfield><controlfield tag="005">20240210061653.1</controlfield><controlfield tag="008">951112q19009999ch            000 u chi d</controlfield><datafield ind1=" " ind2=" " tag="040"><subfield code="a">TWNBI</subfield><subfield code="b">chi</subfield><subfield code="c">TWNBI</subfield><subfield code="d">OCLCQ</subfield><subfield code="d">OCLCL</subfield></datafield><datafield ind1=" " ind2=" " tag="066"><subfield code="c">$1</subfield></datafield><datafield ind1=" " ind2=" " tag="035"><subfield code="a">(OCoLC)814306152</subfield></datafield><datafield ind1=" " ind2=" " tag="084"><subfield code="a">618</subfield><subfield code="b">3410</subfield><subfield code="2">ncsclt</subfield></datafield><datafield ind1="0" ind2="0" tag="245"><subfield code="6">880-01</subfield><subfield code="a">Feng jin yi he quan hui lu /</subfield><subfield code="c">(qing)lao nai xuan ji.</subfield></datafield><datafield ind1=" " ind2=" " tag="260"><subfield code="6">880-02</subfield><subfield code="a">Tai bei xian yong he zhen :</subfield><subfield code="b">Wen hai,</subfield><subfield code="c">[min?]</subfield></datafield><datafield ind1=" " ind2=" " tag="300"><subfield code="6">880-03</subfield><subfield code="a">195 mian ;</subfield><subfield code="c">22 gong fen.</subfield></datafield><datafield ind1="1" ind2=" " tag="490"><subfield code="6">880-04</subfield><subfield code="a">Jin dai zhong guo shi liao cong kan. xu bian. di 37 ji.</subfield></datafield><datafield ind1=" " ind2=" " tag="504"><subfield code="6">880-05</subfield><subfield code="a">Fu lu: ping yuan quan fei ji shi, jiang kai zhuan, ji nan ji bian ji lue, liu chun tang zhuan.</subfield></datafield><datafield ind1=" " ind2=" " tag="563"><subfield code="6">880-06</subfield><subfield code="a">Ping zhuang.</subfield></datafield><datafield ind1=" " ind2="7" tag="650"><subfield code="a">Yi he tuan.</subfield><subfield code="2">csht</subfield></datafield><datafield ind1="1" ind2=" " tag="700"><subfield code="6">880-07</subfield><subfield code="a">Lao, Naixuan,</subfield><subfield code="d">qing,</subfield><subfield code="e">ji.</subfield></datafield><datafield ind1=" " ind2="0" tag="830"><subfield code="6">880-08</subfield><subfield code="a">Jin dai zhong guo shi liao cong kan .</subfield><subfield code="n">xu bian .</subfield><subfield code="n">di 37 ji.</subfield></datafield><datafield ind1="0" ind2="0" tag="880"><subfield code="6">245-01/$1</subfield><subfield code="a">奉禁義和拳彙錄 /</subfield><subfield code="c">(清)勞乃宣輯.</subfield></datafield><datafield ind1=" " ind2=" " tag="880"><subfield code="6">260-02/$1</subfield><subfield code="a">台北縣永和鎮 :</subfield><subfield code="b">文海,</subfield><subfield code="c">[民?]</subfield></datafield><datafield ind1=" " ind2=" " tag="880"><subfield code="6">300-03/$1</subfield><subfield code="a">195面 ;</subfield><subfield code="c">22公分.</subfield></datafield><datafield ind1=" " ind2=" " tag="880"><subfield code="6">336-00/$1</subfield><subfield code="a">文本</subfield><subfield code="b">txt</subfield><subfield code="2">rdacontent/chi</subfield></datafield><datafield ind1=" " ind2=" " tag="880"><subfield code="6">337-00/$1</subfield><subfield code="a">无中介</subfield><subfield code="b">n</subfield><subfield code="2">rdamedia/chi</subfield></datafield><datafield ind1="1" ind2=" " tag="880"><subfield code="6">490-04/$1</subfield><subfield code="a">近代中國史料叢刊. 續編. 第37輯</subfield></datafield><datafield ind1=" " ind2=" " tag="880"><subfield code="6">504-05/$1</subfield><subfield code="a">附錄: 平原拳匪紀事, 蔣楷撰, 畿南濟變紀略, 劉春堂撰.</subfield></datafield><datafield ind1=" " ind2=" " tag="880"><subfield code="6">563-06/$1</subfield><subfield code="a">平裝</subfield></datafield><datafield ind1="1" ind2=" " tag="880"><subfield code="6">700-07/$1</subfield><subfield code="a">勞乃宣,</subfield><subfield code="d">清,</subfield><subfield code="e">輯.</subfield></datafield><datafield ind1=" " ind2=" " tag="880"><subfield code="6">758-00</subfield><subfield code="a">奉禁義和拳彙錄 (Text)</subfield><subfield code="1">https://id.oclc.org/worldcat/entity/E39PCFBxbf4fQ4XY7RmDMfbFBq</subfield><subfield code="4">https://id.oclc.org/worldcat/ontology/hasWork</subfield></datafield><datafield ind1=" " ind2="0" tag="880"><subfield code="6">830-08/$1</subfield><subfield code="a">近代中國史料叢刊 .</subfield><subfield code="n">續編 .</subfield><subfield code="n">第37輯.</subfield></datafield></record>