<record><leader>00000cam a2200000Mi 4500</leader><controlfield tag="001">ocn814196521</controlfield><controlfield tag="003">OCoLC</controlfield><controlfield tag="005">20240210061653.1</controlfield><controlfield tag="008">931110nuuuuuuuuch     g      000 0 chi d</controlfield><datafield ind1=" " ind2=" " tag="040"><subfield code="a">TWNBI</subfield><subfield code="b">chi</subfield><subfield code="c">TWNBI</subfield><subfield code="d">OCLCQ</subfield><subfield code="d">OCLCL</subfield></datafield><datafield ind1=" " ind2=" " tag="066"><subfield code="c">$1</subfield></datafield><datafield ind1=" " ind2=" " tag="019"><subfield code="a">815968446</subfield><subfield code="a">818651125</subfield><subfield code="a">822887780</subfield><subfield code="a">822997321</subfield></datafield><datafield ind1=" " ind2=" " tag="035"><subfield code="a">(OCoLC)814196521</subfield><subfield code="z">(OCoLC)815968446</subfield><subfield code="z">(OCoLC)818651125</subfield><subfield code="z">(OCoLC)822887780</subfield><subfield code="z">(OCoLC)822997321</subfield></datafield><datafield ind1="0" ind2="0" tag="245"><subfield code="6">880-01</subfield><subfield code="a">Feng jin yi he quan hui lu /</subfield><subfield code="c">lao nai xuan ji.</subfield></datafield><datafield ind1=" " ind2=" " tag="260"><subfield code="6">880-02</subfield><subfield code="a">Tai bei shi :</subfield><subfield code="b">Wen hai,</subfield><subfield code="c">min.</subfield></datafield><datafield ind1=" " ind2=" " tag="300"><subfield code="6">880-03</subfield><subfield code="a">1 ce ;</subfield><subfield code="c">22 gong fen.</subfield></datafield><datafield ind1="0" ind2=" " tag="490"><subfield code="6">880-04</subfield><subfield code="a">Jin dai zhong guo shi liao cong kan. xu ji / chen yun long zhu bian ;</subfield><subfield code="v">di 362 zhong.</subfield></datafield><datafield ind1=" " ind2=" " tag="500"><subfield code="6">880-05</subfield><subfield code="a">Ying yin ben.</subfield></datafield><datafield ind1=" " ind2=" " tag="563"><subfield code="6">880-06</subfield><subfield code="a">Jing zhuang.</subfield></datafield><datafield ind1="1" ind2=" " tag="700"><subfield code="6">880-07</subfield><subfield code="a">Lao, Naixuan,</subfield><subfield code="e">ji.</subfield></datafield><datafield ind1="1" ind2=" " tag="773"><subfield code="6">880-08</subfield><subfield code="t">Jin dai zhong guo shi liao cong kan / chen yun long zhu bian. xu ji, di 362 zhong.</subfield></datafield><datafield ind1="0" ind2="0" tag="880"><subfield code="6">245-01/$1</subfield><subfield code="a">奉禁義和拳彙錄 /</subfield><subfield code="c">勞乃宣輯.</subfield></datafield><datafield ind1=" " ind2=" " tag="880"><subfield code="6">250-00/$1</subfield><subfield code="a">初版.</subfield></datafield><datafield ind1=" " ind2=" " tag="880"><subfield code="6">260-02/$1</subfield><subfield code="a">臺北市 :</subfield><subfield code="b">文海,</subfield><subfield code="c">民</subfield></datafield><datafield ind1=" " ind2=" " tag="880"><subfield code="6">300-03/$1</subfield><subfield code="a">1冊 ;</subfield><subfield code="c">22公分.</subfield></datafield><datafield ind1=" " ind2=" " tag="880"><subfield code="6">336-00/$1</subfield><subfield code="a">文本</subfield><subfield code="b">txt</subfield><subfield code="2">rdacontent/chi</subfield></datafield><datafield ind1=" " ind2=" " tag="880"><subfield code="6">337-00/$1</subfield><subfield code="a">无中介</subfield><subfield code="b">n</subfield><subfield code="2">rdamedia/chi</subfield></datafield><datafield ind1="0" ind2=" " tag="880"><subfield code="6">490-04/$1</subfield><subfield code="a">近代中國史料叢刊. 續輯 / 沈雲龍主編 ;</subfield><subfield code="v">第362種</subfield></datafield><datafield ind1=" " ind2=" " tag="880"><subfield code="6">500-05/$1</subfield><subfield code="a">影印本.</subfield></datafield><datafield ind1=" " ind2=" " tag="880"><subfield code="6">563-06/$1</subfield><subfield code="a">精裝</subfield></datafield><datafield ind1="1" ind2=" " tag="880"><subfield code="6">700-07/$1</subfield><subfield code="a">勞乃宣,</subfield><subfield code="e">輯.</subfield></datafield><datafield ind1=" " ind2=" " tag="880"><subfield code="6">758-00</subfield><subfield code="a">奉禁義和拳彙錄 (Text)</subfield><subfield code="1">https://id.oclc.org/worldcat/entity/E39PCFBxbf4fQ4XY7RmDMfbFBq</subfield><subfield code="4">https://id.oclc.org/worldcat/ontology/hasWork</subfield></datafield><datafield ind1="1" ind2=" " tag="880"><subfield code="6">773-08/$1</subfield><subfield code="t">近代中國史料叢刊 / 沈雲龍主編. 續輯, 第362種</subfield></datafield><datafield ind1="0" ind2=" " tag="880"><subfield code="6">777-00/$1</subfield><subfield code="t">平原拳匪紀事 / 蔣楷著</subfield></datafield><datafield ind1="0" ind2=" " tag="880"><subfield code="6">777-00/$1</subfield><subfield code="t">畿南濟變紀略 / 劉春堂撰</subfield></datafield><datafield ind1=" " ind2="0" tag="880"><subfield code="6">830-00/$1</subfield><subfield code="a">近代中國史料叢刊續編,</subfield><subfield code="n">第三十七輯.</subfield></datafield><datafield ind1=" " ind2="0" tag="880"><subfield code="6">830-00/$1</subfield><subfield code="a">近代中國史料叢刊續輯,</subfield><subfield code="n">362-4.</subfield></datafield></record>