<record><leader>00000cam a2200000 i 4500</leader><controlfield tag="001">ocm31195064</controlfield><controlfield tag="003">OCoLC</controlfield><controlfield tag="005">20240210061653.1</controlfield><controlfield tag="008">940929m19691971ch f          000 0achi d</controlfield><datafield ind1=" " ind2=" " tag="040"><subfield code="a">HMY</subfield><subfield code="b">eng</subfield><subfield code="c">HMY</subfield><subfield code="d">OCLCQ</subfield><subfield code="d">OCLCO</subfield><subfield code="d">OCLCA</subfield><subfield code="d">OCLCF</subfield><subfield code="d">OCLCQ</subfield><subfield code="d">OCLCA</subfield><subfield code="d">OCL</subfield><subfield code="d">OCLCQ</subfield><subfield code="d">OCLCO</subfield><subfield code="d">OCLCL</subfield></datafield><datafield ind1=" " ind2=" " tag="066"><subfield code="c">$1</subfield></datafield><datafield ind1=" " ind2=" " tag="035"><subfield code="a">(OCoLC)31195064</subfield></datafield><datafield ind1="1" ind2=" " tag="100"><subfield code="6">880-01</subfield><subfield code="a">Yi, Junzuo,</subfield><subfield code="d">1898-1972.</subfield></datafield><datafield ind1="1" ind2="0" tag="245"><subfield code="6">880-02</subfield><subfield code="a">Yi Junzuo hui yi lu /</subfield><subfield code="c">Yi Junzuo zhu.</subfield></datafield><datafield ind1="3" ind2=" " tag="246"><subfield code="6">880-03</subfield><subfield code="a">Da hu di er nü</subfield></datafield><datafield ind1="3" ind2=" " tag="246"><subfield code="6">880-04</subfield><subfield code="a">Huo shao Zhao jia lou</subfield></datafield><datafield ind1="3" ind2=" " tag="246"><subfield code="6">880-05</subfield><subfield code="a">Lugou jiao hao jiao</subfield></datafield><datafield ind1="3" ind2=" " tag="246"><subfield code="6">880-06</subfield><subfield code="a">Sheng li yu huang du</subfield></datafield><datafield ind1="3" ind2=" " tag="246"><subfield code="6">880-07</subfield><subfield code="a">Feng huo xi yang hong</subfield></datafield><datafield ind1=" " ind2=" " tag="260"><subfield code="6">880-08</subfield><subfield code="a">Taibei :</subfield><subfield code="b">San min shu ju,</subfield><subfield code="c">Minguo 58-60 [1969-1971]</subfield></datafield><datafield ind1=" " ind2=" " tag="300"><subfield code="a">5 volumes :</subfield><subfield code="b">plates ;</subfield><subfield code="c">19 cm</subfield></datafield><datafield ind1=" " ind2=" " tag="336"><subfield code="a">text</subfield><subfield code="b">txt</subfield><subfield code="2">rdacontent</subfield></datafield><datafield ind1=" " ind2=" " tag="337"><subfield code="a">unmediated</subfield><subfield code="b">n</subfield><subfield code="2">rdamedia</subfield></datafield><datafield ind1=" " ind2=" " tag="338"><subfield code="a">volume</subfield><subfield code="b">nc</subfield><subfield code="2">rdacarrier</subfield></datafield><datafield ind1="1" ind2=" " tag="490"><subfield code="6">880-09</subfield><subfield code="a">San min wen ku ;</subfield><subfield code="v">50, 53, 38, 92, 122</subfield></datafield><datafield ind1=" " ind2=" " tag="500"><subfield code="a">Autobiography.</subfield></datafield><datafield ind1="0" ind2=" " tag="505"><subfield code="6">880-10</subfield><subfield code="a">v. 1. Da hu di er nü -- v. 2. Huo shao Zhao jia lou -- v. 3. Lugou qiao hao jiao -- v. 4. Sheng li yu huan du -- v. 5. Feng huo xi yang hong.</subfield></datafield><datafield ind1="1" ind2="0" tag="600"><subfield code="6">880-11</subfield><subfield code="a">Yi, Junzuo,</subfield><subfield code="d">1898-1972.</subfield></datafield><datafield ind1="1" ind2="7" tag="600"><subfield code="a">Yi, Junzuo,</subfield><subfield code="d">1898-1972</subfield><subfield code="2">fast</subfield><subfield code="0">(OCoLC)fst01859381</subfield><subfield code="1">https://id.oclc.org/worldcat/entity/E39PBJwD3Cxd3kxyC47yDk3qQq</subfield></datafield><datafield ind1=" " ind2="0" tag="830"><subfield code="6">880-12</subfield><subfield code="a">San min wen ku ;</subfield><subfield code="v">50, etc.</subfield></datafield><datafield ind1="1" ind2=" " tag="880"><subfield code="6">100-01/$1</subfield><subfield code="a">易君左,</subfield><subfield code="d">1898-</subfield></datafield><datafield ind1="1" ind2="0" tag="880"><subfield code="6">245-02/$1</subfield><subfield code="a">易君左回憶錄 /</subfield><subfield code="c">易君左著.</subfield></datafield><datafield ind1="3" ind2=" " tag="880"><subfield code="6">246-03/$1</subfield><subfield code="a">大湖的兒女</subfield></datafield><datafield ind1="3" ind2=" " tag="880"><subfield code="6">246-04/$1</subfield><subfield code="a">火燒趙家樓</subfield></datafield><datafield ind1="3" ind2=" " tag="880"><subfield code="6">246-05/$1</subfield><subfield code="a">籚溝橋號角</subfield></datafield><datafield ind1="3" ind2=" " tag="880"><subfield code="6">246-06/$1</subfield><subfield code="a">勝利與還都</subfield></datafield><datafield ind1="3" ind2=" " tag="880"><subfield code="6">246-07/$1</subfield><subfield code="a">烽火夕陽紅</subfield></datafield><datafield ind1=" " ind2=" " tag="880"><subfield code="6">260-08/$1</subfield><subfield code="a">臺北 :</subfield><subfield code="b">三民書局,</subfield><subfield code="c">民國58-60 [1969-1971]</subfield></datafield><datafield ind1="1" ind2=" " tag="880"><subfield code="6">490-09/$1</subfield><subfield code="a">三民文庫 ;</subfield><subfield code="v">50, 53, 38, 92, 122</subfield></datafield><datafield ind1="0" ind2=" " tag="880"><subfield code="6">505-10/$1</subfield><subfield code="a">v. 1. 大湖的兒女 -- v. 2. 火燒趙家樓 -- v. 3. 籚溝橋號角 -- v. 4. 勝利與還都 -- v. 5. 烽火夕陽紅.</subfield></datafield><datafield ind1="1" ind2="4" tag="880"><subfield code="6">600-11/$1</subfield><subfield code="a">易君左,</subfield><subfield code="d">1898-</subfield></datafield><datafield ind1=" " ind2=" " tag="880"><subfield code="6">758-00</subfield><subfield code="i">has work:</subfield><subfield code="a">易君左回憶錄 (Text)</subfield><subfield code="1">https://id.oclc.org/worldcat/entity/E39PCGcr94W8tJDR77QVPDYmv3</subfield><subfield code="4">https://id.oclc.org/worldcat/ontology/hasWork</subfield></datafield><datafield ind1=" " ind2="0" tag="880"><subfield code="6">830-12/$1</subfield><subfield code="a">三民文庫 ;</subfield><subfield code="v">50, etc.</subfield></datafield></record>