<record><leader>00000cas a2200000 a 4500</leader><controlfield tag="001">ocm13079898</controlfield><controlfield tag="003">OCoLC</controlfield><controlfield tag="005">20240202180208.2</controlfield><controlfield tag="008">860129c197u9999cc uu p       0   e0chi d</controlfield><datafield ind1=" " ind2=" " tag="010"><subfield code="a">   79841241 </subfield></datafield><datafield ind1=" " ind2=" " tag="040"><subfield code="a">SMI</subfield><subfield code="b">eng</subfield><subfield code="c">SMI</subfield><subfield code="d">OCL</subfield><subfield code="d">OCLCQ</subfield><subfield code="d">OCLCG</subfield><subfield code="d">OCLCA</subfield><subfield code="d">OCLCQ</subfield><subfield code="d">OCLCF</subfield><subfield code="d">OCLCO</subfield><subfield code="d">OCLCQ</subfield><subfield code="d">OCLCO</subfield><subfield code="d">OCLCQ</subfield><subfield code="d">OCLCO</subfield><subfield code="d">OCLCL</subfield></datafield><datafield ind1=" " ind2=" " tag="019"><subfield code="a">12627104</subfield></datafield><datafield ind1=" " ind2=" " tag="035"><subfield code="a">(OCoLC)13079898</subfield><subfield code="z">(OCoLC)12627104</subfield></datafield><datafield ind1="0" ind2=" " tag="041"><subfield code="a">chi</subfield><subfield code="b">eng</subfield></datafield><datafield ind1=" " ind2=" " tag="043"><subfield code="a">a-cc---</subfield></datafield><datafield ind1=" " ind2="4" tag="050"><subfield code="a">QL691.C6</subfield><subfield code="b">C55</subfield></datafield><datafield ind1="0" ind2="0" tag="245"><subfield code="a">Zhongguo dong wu zhi.</subfield><subfield code="p">Niao kang /</subfield><subfield code="c">Zhongguo ke xue yuan, Zhongguo dong wu zhi bian ji wei yuan hui.</subfield></datafield><datafield ind1="1" ind2="5" tag="246"><subfield code="a">Fauna sinica.</subfield><subfield code="p">Aves</subfield></datafield><datafield ind1="3" ind2="0" tag="246"><subfield code="a">Niao kang</subfield></datafield><datafield ind1="3" ind2="0" tag="246"><subfield code="a">Aves</subfield></datafield><datafield ind1=" " ind2=" " tag="260"><subfield code="a">[Peking] :</subfield><subfield code="b">Ke xue chu ban she.</subfield></datafield><datafield ind1=" " ind2=" " tag="300"><subfield code="a">volumes :</subfield><subfield code="b">illustrations (some color) ;</subfield><subfield code="c">27 cm</subfield></datafield><datafield ind1=" " ind2=" " tag="336"><subfield code="a">text</subfield><subfield code="b">txt</subfield><subfield code="2">rdacontent</subfield></datafield><datafield ind1=" " ind2=" " tag="337"><subfield code="a">unmediated</subfield><subfield code="b">n</subfield><subfield code="2">rdamedia</subfield></datafield><datafield ind1=" " ind2=" " tag="338"><subfield code="a">volume</subfield><subfield code="b">nc</subfield><subfield code="2">rdacarrier</subfield></datafield><datafield ind1=" " ind2=" " tag="500"><subfield code="a">Each volume has also a distinctive title; eg., Vol. 2, Yan xing mu = Anseriformes.</subfield></datafield><datafield ind1=" " ind2=" " tag="500"><subfield code="a">Edited by: Zheng Zuoxin [and others].</subfield></datafield><datafield ind1=" " ind2=" " tag="504"><subfield code="a">Includes bibliographical references and indexes.</subfield></datafield><datafield ind1=" " ind2=" " tag="546"><subfield code="a">In Chinese, with added title page in English; nomenclature also in Latin.</subfield></datafield><datafield ind1="0" ind2=" " tag="588"><subfield code="a">Di 2 juan (1979) = vol. 2 (1979).</subfield></datafield><datafield ind1=" " ind2="0" tag="650"><subfield code="a">Ornithology</subfield><subfield code="z">China.</subfield></datafield><datafield ind1=" " ind2="0" tag="650"><subfield code="a">Birds</subfield><subfield code="z">China.</subfield></datafield><datafield ind1=" " ind2="6" tag="650"><subfield code="a">Ornithologie</subfield><subfield code="z">Chine.</subfield></datafield><datafield ind1=" " ind2="6" tag="650"><subfield code="a">Oiseaux</subfield><subfield code="z">Chine.</subfield></datafield><datafield ind1=" " ind2="7" tag="650"><subfield code="a">Birds.</subfield><subfield code="2">fast</subfield><subfield code="0">(OCoLC)fst00832970</subfield></datafield><datafield ind1=" " ind2="7" tag="650"><subfield code="a">Ornithology.</subfield><subfield code="2">fast</subfield><subfield code="0">(OCoLC)fst01048358</subfield></datafield><datafield ind1=" " ind2="7" tag="651"><subfield code="a">China.</subfield><subfield code="2">fast</subfield><subfield code="0">(OCoLC)fst01206073</subfield><subfield code="1">https://id.oclc.org/worldcat/entity/E39PBJcrd4RjtCBk4wfMhTwwG3</subfield></datafield><datafield ind1="1" ind2=" " tag="700"><subfield code="a">Zheng, Zuoxin,</subfield><subfield code="d">1906-1998.</subfield><subfield code="1">https://id.oclc.org/worldcat/entity/E39PBJpyjvrtDVfC98b43W4rMP</subfield></datafield><datafield ind1="2" ind2=" " tag="710"><subfield code="a">Zhongguo ke xue yuan.</subfield><subfield code="b">Zhongguo dong wu zhi bian ji wei yuan hui.</subfield></datafield><datafield ind1=" " ind2=" " tag="758"><subfield code="i">has work:</subfield><subfield code="a">Zhongguo dong wu zhi Niao kang (Text)</subfield><subfield code="1">https://id.oclc.org/worldcat/entity/E39PCFy7PRBChtjkXWQQ9h3jP3</subfield><subfield code="4">https://id.oclc.org/worldcat/ontology/hasWork</subfield></datafield></record>