<record><leader>00000cam a2200000Ma 4500</leader><controlfield tag="001">ocn773419004</controlfield><controlfield tag="003">OCoLC</controlfield><controlfield tag="005">20240127100239.6</controlfield><controlfield tag="008">920131t19911980ch a     d    000 0 chi d</controlfield><datafield ind1=" " ind2=" " tag="040"><subfield code="a">UVV</subfield><subfield code="b">eng</subfield><subfield code="c">UVV</subfield><subfield code="d">OCLCF</subfield><subfield code="d">OCLCO</subfield><subfield code="d">OCLCQ</subfield><subfield code="d">OCLCO</subfield><subfield code="d">OCLCQ</subfield><subfield code="d">OCLCO</subfield><subfield code="d">OCLCL</subfield></datafield><datafield ind1=" " ind2=" " tag="019"><subfield code="a">83434859</subfield></datafield><datafield ind1=" " ind2=" " tag="020"><subfield code="a">9576120055</subfield></datafield><datafield ind1=" " ind2=" " tag="020"><subfield code="a">9789576120053</subfield></datafield><datafield ind1=" " ind2=" " tag="035"><subfield code="a">(OCoLC)773419004</subfield><subfield code="z">(OCoLC)83434859</subfield></datafield><datafield ind1="0" ind2=" " tag="041"><subfield code="a">chi</subfield><subfield code="a">eng</subfield></datafield><datafield ind1="1" ind2="4" tag="050"><subfield code="a">PL1455</subfield><subfield code="b">.Y797 1991</subfield></datafield><datafield ind1="0" ind2="0" tag="245"><subfield code="a">Yüan tung shih yung Ying Han tzʻu tien =</subfield><subfield code="b">Far East practical English-Chinese dictionary /</subfield><subfield code="c">chu pien Liang Shih-chʻiu.</subfield></datafield><datafield ind1="3" ind2=" " tag="246"><subfield code="a">Far East practical English-Chinese dictionary</subfield></datafield><datafield ind1=" " ind2=" " tag="260"><subfield code="a">Tʻai-pei shih :</subfield><subfield code="b">Far East Book Co. ;</subfield><subfield code="a">New York, N.Y., U.S.A. (49 West 39th Street, New York 10018) :</subfield><subfield code="b">Mei-kuo fa hsing so U.S. International Pub.,</subfield><subfield code="c">1991, ©1980.</subfield></datafield><datafield ind1=" " ind2=" " tag="300"><subfield code="a">12, 1500, 19 pages :</subfield><subfield code="b">illustrations ;</subfield><subfield code="c">22 cm</subfield></datafield><datafield ind1=" " ind2=" " tag="336"><subfield code="a">text</subfield><subfield code="b">txt</subfield><subfield code="2">rdacontent</subfield></datafield><datafield ind1=" " ind2=" " tag="337"><subfield code="a">unmediated</subfield><subfield code="b">n</subfield><subfield code="2">rdamedia</subfield></datafield><datafield ind1=" " ind2=" " tag="338"><subfield code="a">volume</subfield><subfield code="b">nc</subfield><subfield code="2">rdacarrier</subfield></datafield><datafield ind1=" " ind2=" " tag="500"><subfield code="a">Cataloged from the English.</subfield></datafield><datafield ind1=" " ind2=" " tag="500"><subfield code="a">English and Chinese.</subfield></datafield><datafield ind1=" " ind2="0" tag="650"><subfield code="a">English language</subfield><subfield code="v">Dictionaries</subfield><subfield code="x">Chinese.</subfield></datafield><datafield ind1=" " ind2="7" tag="650"><subfield code="a">English language.</subfield><subfield code="2">fast</subfield><subfield code="0">(OCoLC)fst00910920</subfield></datafield><datafield ind1=" " ind2="7" tag="655"><subfield code="a">Dictionaries.</subfield><subfield code="2">fast</subfield><subfield code="0">(OCoLC)fst01423826</subfield></datafield><datafield ind1="1" ind2=" " tag="700"><subfield code="a">Liang, Shiqiu,</subfield><subfield code="d">1901-</subfield></datafield><datafield ind1=" " ind2=" " tag="758"><subfield code="i">has work:</subfield><subfield code="a">Far East practical English-Chinese dictionary (Text)</subfield><subfield code="1">https://id.oclc.org/worldcat/entity/E39PCFMPyRYhjHHGgGRXVG9X7d</subfield><subfield code="4">https://id.oclc.org/worldcat/ontology/hasWork</subfield></datafield></record>