<record><leader>00000cas a2200000Mi 4500</leader><controlfield tag="001">ocn865963226</controlfield><controlfield tag="003">OCoLC</controlfield><controlfield tag="005">20170306214301.0</controlfield><controlfield tag="008">950106d19921999cc qr p  z    0   e0chiod</controlfield><datafield ind1=" " ind2=" " tag="040"><subfield code="a">SLY</subfield><subfield code="b">eng</subfield><subfield code="c">SLY</subfield><subfield code="d">OCLCQ</subfield></datafield><datafield ind1=" " ind2=" " tag="066"><subfield code="c">$1</subfield></datafield><datafield ind1=" " ind2=" " tag="035"><subfield code="a">(OCoLC)865963226</subfield></datafield><datafield ind1=" " ind2=" " tag="084"><subfield code="a">TM3</subfield><subfield code="2">clc</subfield></datafield><datafield ind1="0" ind2="0" tag="245"><subfield code="6">880-01</subfield><subfield code="a">Bao zha xing huan jing dian qi fang bao ji shu =</subfield><subfield code="b">Explosin Protection Technique of Electrical Apparauts for Explosive Atonospheres /</subfield><subfield code="c">Ji xie dian zi gong ye bu nan yang fang bao dian qi yan jiu suo.</subfield></datafield><datafield ind1=" " ind2=" " tag="250"><subfield code="6">880-02</subfield><subfield code="a">Di 1 ban.</subfield></datafield><datafield ind1=" " ind2=" " tag="260"><subfield code="6">880-03</subfield><subfield code="a">Nan yang (he nan) :</subfield><subfield code="b">Gai kan,</subfield><subfield code="c">1992-99.</subfield></datafield><datafield ind1=" " ind2=" " tag="300"><subfield code="a">8 volumes ;</subfield><subfield code="c">26 cm</subfield></datafield><datafield ind1=" " ind2=" " tag="310"><subfield code="a">Quarterly</subfield></datafield><datafield ind1=" " ind2=" " tag="336"><subfield code="a">text</subfield><subfield code="b">txt</subfield><subfield code="2">rdacontent</subfield></datafield><datafield ind1=" " ind2=" " tag="337"><subfield code="a">unmediated</subfield><subfield code="b">n</subfield><subfield code="2">rdamedia</subfield></datafield><datafield ind1=" " ind2=" " tag="338"><subfield code="a">volume</subfield><subfield code="b">nc</subfield><subfield code="2">rdacarrier</subfield></datafield><datafield ind1="0" ind2=" " tag="362"><subfield code="6">880-04</subfield><subfield code="a">1992, no. 1 (1992, 2) -1999, no. 1 (1999, 3) = zong 107-135.</subfield></datafield><datafield ind1=" " ind2=" " tag="500"><subfield code="6">880-05</subfield><subfield code="a">Ji cheng : &lt;&lt;fang bao dian qi ji shu&gt;&gt;.</subfield></datafield><datafield ind1=" " ind2=" " tag="500"><subfield code="6">880-06</subfield><subfield code="a">1999, no. 2 qi gai ming : &lt;&lt;dian qi fang bao&gt;&gt;.</subfield></datafield><datafield ind1=" " ind2=" " tag="500"><subfield code="6">880-07</subfield><subfield code="a">You ying wen yao mu.</subfield></datafield><datafield ind1="2" ind2=" " tag="710"><subfield code="6">880-08</subfield><subfield code="a">Ji xie dian zi gong ye bu nan yang fang bao dian qi yan jiu suo.</subfield></datafield><datafield ind1="0" ind2="0" tag="880"><subfield code="6">245-01/$1</subfield><subfield code="a">爆炸性环境电气防爆技术 =</subfield><subfield code="b">Explosin Protection Technique of Electrical Apparauts for Explosive Atonospheres /</subfield><subfield code="c">机械电子工业部南阳防爆电气研究所.</subfield></datafield><datafield ind1=" " ind2=" " tag="880"><subfield code="6">250-02/$1</subfield><subfield code="a">第1版.</subfield></datafield><datafield ind1=" " ind2=" " tag="880"><subfield code="6">260-03/$1</subfield><subfield code="a">南阳(河南) :</subfield><subfield code="b">该刊,</subfield><subfield code="c">1992-99.</subfield></datafield><datafield ind1="0" ind2=" " tag="880"><subfield code="6">362-04/$1</subfield><subfield code="a">1992,no. 1(1992,2)-1999,no. 1(1999,3)=总107-135.</subfield></datafield><datafield ind1=" " ind2=" " tag="880"><subfield code="6">500-05/$1</subfield><subfield code="a">继承: &lt;&lt;防爆电气技术&gt;&gt;.</subfield></datafield><datafield ind1=" " ind2=" " tag="880"><subfield code="6">500-06/$1</subfield><subfield code="a">1999,no. 2起改名:&lt;&lt;电气防爆&gt;&gt;.</subfield></datafield><datafield ind1=" " ind2=" " tag="880"><subfield code="6">500-07/$1</subfield><subfield code="a">有英文要目.</subfield></datafield><datafield ind1="2" ind2=" " tag="880"><subfield code="6">710-08/$1</subfield><subfield code="a">机械电子工业部南阳防爆电气研究所.</subfield></datafield></record>