<record><leader>00000cam a2200000 i 4500</leader><controlfield tag="001">on1225513151</controlfield><controlfield tag="003">OCoLC</controlfield><controlfield tag="005">20240210061653.1</controlfield><controlfield tag="008">201204e201912  cc h          000 m chi c</controlfield><datafield ind1=" " ind2=" " tag="040"><subfield code="a">PUL</subfield><subfield code="b">eng</subfield><subfield code="e">rda</subfield><subfield code="c">PUL</subfield><subfield code="d">OCLCO</subfield><subfield code="d">PUL</subfield><subfield code="d">OCLCO</subfield><subfield code="d">OCLCF</subfield><subfield code="d">ZCU</subfield><subfield code="d">PUL</subfield><subfield code="d">OCLCQ</subfield><subfield code="d">OCLCO</subfield><subfield code="d">OCLCL</subfield></datafield><datafield ind1=" " ind2=" " tag="066"><subfield code="c">Hani</subfield><subfield code="c">$1</subfield></datafield><datafield ind1=" " ind2=" " tag="020"><subfield code="a">9787501367108</subfield><subfield code="q">(100-volume set ;</subfield><subfield code="q">hardcover)</subfield></datafield><datafield ind1=" " ind2=" " tag="020"><subfield code="a">7501367108</subfield><subfield code="q">(100-volume set ;</subfield><subfield code="q">hardcover)</subfield></datafield><datafield ind1=" " ind2=" " tag="035"><subfield code="a">(OCoLC)1225513151</subfield></datafield><datafield ind1=" " ind2=" " tag="042"><subfield code="a">pcc</subfield></datafield><datafield ind1=" " ind2=" " tag="043"><subfield code="a">a-cc---</subfield></datafield><datafield ind1=" " ind2="4" tag="050"><subfield code="a">PL2452</subfield><subfield code="b">.H3628 2019</subfield></datafield><datafield ind1="0" ind2="0" tag="245"><subfield code="6">880-01</subfield><subfield code="a">Han Wei liu chao ji bu zhen ben cong kan.</subfield><subfield code="p">Ji bu /</subfield><subfield code="c">Liu Yuejin zhu bian.</subfield></datafield><datafield ind1=" " ind2=" " tag="250"><subfield code="6">880-02</subfield><subfield code="a">Di 1 ban.</subfield></datafield><datafield ind1=" " ind2="1" tag="264"><subfield code="6">880-03</subfield><subfield code="a">Beijing :</subfield><subfield code="b">Guo jia tu shu guan chu ban she,</subfield><subfield code="c">2019 nian 12 yue.</subfield></datafield><datafield ind1=" " ind2=" " tag="300"><subfield code="a">100 volumes :</subfield><subfield code="b">facsimiles ;</subfield><subfield code="c">27 cm</subfield></datafield><datafield ind1=" " ind2=" " tag="336"><subfield code="a">text</subfield><subfield code="b">txt</subfield><subfield code="2">rdacontent</subfield></datafield><datafield ind1=" " ind2=" " tag="337"><subfield code="a">unmediated</subfield><subfield code="b">n</subfield><subfield code="2">rdamedia</subfield></datafield><datafield ind1=" " ind2=" " tag="338"><subfield code="a">volume</subfield><subfield code="b">nc</subfield><subfield code="2">rdacarrier</subfield></datafield><datafield ind1=" " ind2=" " tag="500"><subfield code="a">Facsimile reproduction.</subfield></datafield><datafield ind1="0" ind2="0" tag="505"><subfield code="g">Di 1 ce.</subfield><subfield code="t">Wen xuan 60 juan cun 24 juan /</subfield><subfield code="r">(Nan chao, Liang) Xiao Tong ji, (Tang) Li Shan zhu</subfield><subfield code="g">Song tian sheng ming dao jian ke di xiu ben --</subfield><subfield code="g">Di 2 ce.</subfield><subfield code="t">Wen xuan 60 juan cun 24 juan /</subfield><subfield code="r">(Nan chao, Liang) Xiao Tong ji, (Tang) Li Shan zhu</subfield><subfield code="g">Song tian sheng ming dao jian ke di xiu ben --</subfield><subfield code="t">Wen xuan 30 juan cun 1 juan (juan 30) /</subfield><subfield code="r">(Nan chao, Liang) Xiao Tong ji, (Tang) Li Shan, (Tang) Lü Yanji, (Tang) Liu Liang, (Tang) Zhang Xian, (Tang) Lü Xiang, (Tang) Li Zhouhan zhu</subfield><subfield code="g">Song Hangzhou kai jian zhi ma pu zhong jia ke ben --</subfield><subfield code="g">Di 3-12 ce.</subfield><subfield code="t">Wen xuan 60 juan /</subfield><subfield code="r">(Nan chao, Liang) Xiao Tong ji, (Tang) Li Shan, (Tang) Lü Yanji, (Tang) Liu Liang, (Tang) Zhang Xian, (Tang) Lü Xiang, (Tang) Li Zhouhan zhu</subfield><subfield code="g">Song Ganzhou zhou xue ke Song Yuanming di xiu ben --</subfield><subfield code="g">Di 13-14 ce.</subfield><subfield code="t">Wen xuan 30 juan (juan 1-23) /</subfield><subfield code="r">(Nan chao, Liang) Xiao Tong ji, (Tang) Li Shan, (Tang) Lü Yan ji, (Tang) Liu Liang, (Tang) Zhang Xian, (Tang) Lü Xiang, (Tang) Li Zhouhan zhu</subfield><subfield code="g">Song Shaoxing 31 nian (1161) Jianyang chong hua shu fang Chen Balang zhai ke ben --</subfield><subfield code="g">Di 15 ce.</subfield><subfield code="t">Wen xuan 30 juan (juan 24-30) /</subfield><subfield code="r">(Nan chao, Liang) Xiao Tong ji, (Tang) Li Shan, (Tang) Lü Yanji, (Tang) Liu Liang, (Tang) Zhang Xian, (Tang) Lü Xiang, (Tang) Li Zhouhan zhu</subfield><subfield code="g">Song Shaoxing 31 nian (1161) Jianyang chong hua shu fang chen ba lang zhai ke ben --</subfield><subfield code="t">Gu shi 19 shou shuo 1 juan /</subfield><subfield code="r">(Qing) Zhu Sihe deng zhuan</subfield><subfield code="g">Qing Qianlong ke ben --</subfield><subfield code="t">Gu shi 19 shou fu jian 1 juan /</subfield><subfield code="r">(Qing) Li Zhaoyuan jian</subfield><subfield code="g">Qing Jiaqing 20 nian (1815) ke "Shi jian san zhong" ben --</subfield><subfield code="t">Gu shi 19 shou jie 1 juan /</subfield><subfield code="r">(Qing) Zhang Geng zhuan</subfield><subfield code="g">Qing Jiaqingke dao guang 30 nian (1850) chong yin "Yi hai zhu chen" ben --</subfield><subfield code="t">Gu shi 19 shou jian zhu 1 juan /</subfield><subfield code="r">(Qing) Chen Jingwei zhuan</subfield><subfield code="g">Qing gao ben "Hua jin lou cong shu" ben --</subfield><subfield code="t">Gu shi 19 shou zhu 1 juan /</subfield><subfield code="r">(Qing) Liu Guangfen zhuan</subfield><subfield code="g">Minguo 8 zhi 10 nian (1919-1921) Si guo zhai ke "Yan xia cao tang yi shu" ben --</subfield><subfield code="g">Di 16 ce.</subfield><subfield code="t">Yu tai xin yong 10 juan /</subfield><subfield code="r">(Nan chao, Chen)Xu Ling bian</subfield><subfield code="g">Ming Jiajing 19 nian (1540) Zheng Xuanfu ke ben --</subfield><subfield code="g">Di 17 ce.</subfield><subfield code="t">Yu tai xin yong 10 juan /</subfield><subfield code="r">(Nan chao, Chen)Xu Ling bian</subfield><subfield code="g">Ming Ji gu ge ke ben --</subfield><subfield code="g">Di 18 ce.</subfield><subfield code="t">Yu tai xin yong 10 juan /</subfield><subfield code="r">(Nan chao, Chen)Xu Ling bian, (Ming) Yuan Hongdao pi</subfield><subfield code="g">Ming Tianqi ke ben</subfield><subfield code="g">Di 19 ce.</subfield><subfield code="t">Yu tai xin yong 10 juan /</subfield><subfield code="r">(Nan chao, Chen) Xu Ling bian, (Qing) Feng Ban, (Qing) He Shilong jiao</subfield><subfield code="g">Ming Chongzhen 2 nian (1629) Feng Ban chao ben --</subfield><subfield code="t">Yu tai xin yong 10 juan /</subfield><subfield code="r">(juan 1-5) (Nan chao, Chen) Xu Ling bian</subfield><subfield code="g">Ming Chongzhen 6 nian (1633) Zhao Jun Xiao wan tang ke ben --</subfield><subfield code="g">Di 20 ce.</subfield><subfield code="t">Yu tai xin yong 10 juan (juan 6-10) /</subfield><subfield code="r">(Nan chao, Chen) Xu Ling bian</subfield><subfield code="g">Ming Chongzhen 6 nian (1633) Zhao Jun Xiao wan tang ke ben --</subfield><subfield code="t">Yu tai xin yong 10 juan /</subfield><subfield code="r">(Nan chao, Chen) Xu Ling bian</subfield><subfield code="g">Ming Wu yun xi guan tong huo zi yin ben</subfield></datafield><datafield ind1="8" ind2="0" tag="505"><subfield code="g">Di 21 ce.</subfield><subfield code="t">Yu tai xin yong 10 juan /</subfield><subfield code="r">(Nan chao, Chen) Xu Ling bian, (Qing) Ji Yun jiao zheng</subfield><subfield code="g">Qing gao ben --</subfield><subfield code="t">Yu tai xin yong zha ji 10 juan /</subfield><subfield code="r">Xu Naichang zhuan</subfield><subfield code="g">Gao ben --</subfield><subfield code="g">Di 22 ce.</subfield><subfield code="t">Gu wen yuan 21 juan /</subfield><subfield code="r">(Song) Zhang Qiao zhu</subfield><subfield code="g">Song Duanping 3 nian (1236) Changzhou jun ke chun you 6 nian (1246) Sheng Ruqi chong xiu ben --</subfield><subfield code="g">Di 23-24 ce.</subfield><subfield code="t">Liu chao shi ji 55 juan (juan 1-49) /</subfield><subfield code="r">(Ming) Xue Yingqi ji</subfield><subfield code="g">Ming Jiajing ke ben --</subfield><subfield code="g">Di 25 ce.</subfield><subfield code="t">Liu chao shi ji 55 juan (juan 50-55) /</subfield><subfield code="r">(Ming) Xue Yingqi ji</subfield><subfield code="g">Ming Jiajing ke ben --</subfield><subfield code="t">Liu chao wen jie jian zhu 12 juan /</subfield><subfield code="r">(Qing) Xu Lian ping xuan, (Qing) L Jinggao zhu</subfield><subfield code="g">Qing Guangxu15 nian (1889) Zhen pen shu wu ke ben --</subfield><subfield code="g">Di 26 ce.</subfield><subfield code="t">Gu Changsha ji 10 juan /</subfield><subfield code="r">(Han) jia yi zhuan</subfield><subfield code="g">Ming Chenghua 19 nian (1483) qiao jin ke ben --</subfield><subfield code="t">Mei Shu ji 1 juan fu lu 1 juan /</subfield><subfield code="r">(Han) Mei Cheng zhuan, (Qing) Zhou Shijing ji</subfield><subfield code="g">Qing chao ben --</subfield><subfield code="t">Mei Shu ji 1 juan /</subfield><subfield code="r">(Han) Mei Cheng zhuan, (Qing) Ding Yan ping</subfield><subfield code="g">Qing Xuantong 3 nian (1911) Shanghai wen ming shu ju qian yin "Han Wei liu chao ming jia ji" ben --</subfield><subfield code="t">Dong Jiaoxi ji 2 juan fu lu 1 juan /</subfield><subfield code="r">(Han) Dong Zhongshu zhuan, (Ming) Zhang Xie ji</subfield><subfield code="g">Ming ke "Qi shi er jia ji" ben --</subfield><subfield code="g">Di 27 ce.</subfield><subfield code="t">Sima Zhangqing ji 1 juan /</subfield><subfield code="r">(Han) Sima Xiangru zhuan, Fu Zengxiang pi jiao</subfield><subfield code="g">Ming ke "Han Wei liu chao zhu jia wen ji" ben--</subfield><subfield code="t">Sima Wenyuan ji 1 juan /</subfield><subfield code="r">(Han) Sima Xiangru zhuan, (Ming) Zhang Pu ji, (Qing) He Shaoji pi jiao</subfield><subfield code="g">Ming ke "Han Wei liu chao bai san ming jia ji" ben --</subfield><subfield code="t">Sima Changqing ji 2 juan /</subfield><subfield code="r">(Han) Sima Xiangru zhuan, Ding Fubao ji</subfield><subfield code="g">Qing Xuantong 3 nian (1911) Shanghai wen ming shu ju qian yin "Han Wei liu chao ming jia ji" ben --</subfield><subfield code="t">Dongfang xian sheng wen ji 3 juan /</subfield><subfield code="r">(Han) Dongfang Shuo zhuan</subfield><subfield code="g">Ming Kang Pixian ke ben --</subfield><subfield code="t">Dongfang Dazhong ji 1 juan /</subfield><subfield code="r">(Han) Dongfang Shuo zhuan, (Ming) Zhang Pu ji, (Qing) He Shaoji pi jiao</subfield><subfield code="g">Ming ke "Han Wei liu chao bai san ming jia ji" ben --</subfield><subfield code="t">Sima Zichang ji 1 juan /</subfield><subfield code="r">(Han) Sima Qian zhuan, Ding Fubao ji</subfield><subfield code="g">Qing Xuantong 3 nian (1911) Shanghai wen ming shu ju qian yin "Han Wei liu chao ming jia ji" ben --</subfield><subfield code="t">Wang Jianyi ji 2 juan /</subfield><subfield code="r">(Han) Wang Bao zhuan, (Ming) Zhang Xie ji</subfield><subfield code="g">Ming ke "Qi shi er jia ji" ben --</subfield><subfield code="t">Wang Jianyi ji 1 juan /</subfield><subfield code="r">(Han) Wang Bao zhuan, (Ming) Zhang Pu ji, (Qing) He Shaoji pi jiao</subfield><subfield code="g">Ming ke "Han Wei liu chao bai san ming jia ji" ben --</subfield><subfield code="g">Di 28 ce.</subfield><subfield code="t">Liu Zhonglei ji 6 juan fu lu 1 juan /</subfield><subfield code="r">(Han) Liu Xiang zhuan</subfield><subfield code="g">Ming chao ben --</subfield><subfield code="t">Ming ke "Han Wei liu chao bai san ming jia ji" ben --</subfield><subfield code="t">Han Liu Zijun ji 1 juan /</subfield><subfield code="r">(Han) Liu Xin zhuan, (Ming) Zhang Pu ji, (Qing) He Shaoji pi jiao --</subfield><subfield code="t">Ming ke "Han Wei liu chao bai san ming jia ji" ben --</subfield><subfield code="g">Di 29 ce.</subfield><subfield code="t">Yang Ziyun ji 6 juan /</subfield><subfield code="r">(Han) Yang Xiong zhuan, (Ming) Zheng Pu ji</subfield><subfield code="g">Ming Wanli ke ben --</subfield><subfield code="g">Di 30 ce.</subfield><subfield code="t">Yang Shilang ji 1 juan /</subfield><subfield code="r">(Han) Yang Xiong zhuan, (Ming) Zhang Pu ji, (Qing) He Shaoji pi jiao</subfield><subfield code="g">Ming ke "Han Wei liu chao bai san ming jia ji" ben --</subfield><subfield code="t">Feng Quyang ji 1 juan /</subfield><subfield code="r">(Han) Feng Yan zhuan, (Ming) Zhang Pu ji, (Qing) He Shaoji pi jiao</subfield><subfield code="g">Ming ke "Han Wei liu chao bai san ming jia ji" ben --</subfield><subfield code="t">Feng Quyang ji 1 juan /</subfield><subfield code="r">(Han) Feng Yan zhuan, Zhang Pengyi ji</subfield><subfield code="g">Minguo qian yin "Guan long cong shu" ben --</subfield><subfield code="t">Shu Pi ji 1 juan /</subfield><subfield code="r">(Han) Ban Biao zhuan, Zhang Pengyi ji</subfield><subfield code="g">Minguo qian yin "Guan long cong shu" ben --</subfield><subfield code="t">Ban Lantai ji 1 juan /</subfield><subfield code="r">(Han) Ban Gu zhuan, (Ming) Zhang Pu ji, (Qing) He Shaoji pi jiao</subfield><subfield code="g">Ming ke "Han Wei liu chao bai san ming jia ji" ben --</subfield><subfield code="g">Di 31 ce.</subfield><subfield code="t">Cui Tingbo ji 1 juan /</subfield><subfield code="r">(Han) Cui Yin zhuan, (Ming) Zhang Pu ji, (Qing) He Shaoji pi jiao</subfield><subfield code="g">Ming ke "Han Wei liu chao bai san ming jia ji" ben --</subfield><subfield code="t">Cui Tingbo ji1 juan /</subfield><subfield code="r">(Han) Cui Yin zhuan, (Ming) Zhang Yuntai, (Ming) Yu Yuanxi hui ping</subfield><subfield code="g">Qing ke "Han Wei liu shi ming jia" ben --</subfield><subfield code="t">Cao Dajia ji 1 juan /</subfield><subfield code="r">(Han) Ban Zhao zhuan, (Ming) Zhang Yuntai, (Ming) Yu Yuanxi hui ping</subfield><subfield code="g">Qing ke "Han Wei liu shi ming jia" ben --</subfield><subfield code="t">Hanlan tai ling Li Boren ji 1 juan, (Han) Li You zhuan, (Ming) Zhang Pu ji, (Qing) He Shaoji pi jiao</subfield><subfield code="g">Ming ke "Han Wei liu chao bai san ming jia ji" ben --</subfield><subfield code="t">Wang Shushi ji 1 juan /</subfield><subfield code="r">(Han) Wang Yi zhuan, (Ming) Zhang Pu ji, (Qing) He Shaoji pi jiao</subfield><subfield code="g">Ming ke "Han Wei liu chao bai san ming jia ji" ben --</subfield><subfield code="t">Ma Jizhang ji 1 juan /</subfield><subfield code="r">(Han) Ma Rong zhuan, (Ming) Zhang Pu ji, (Qing) He Shaoji pi jiao</subfield><subfield code="g">Ming ke "Han Wei liu chao bai san ming jia ji" ben --</subfield><subfield code="g">Di 32 ce.</subfield><subfield code="t">Zhang Hejian ji 2 juan /</subfield><subfield code="r">(Han) Zhang Heng zhuan, (Ming) Zhang Pu ji, (Qing) He Shaoji pi jiao</subfield><subfield code="g">Ming ke "Han Wei liu chao bai san ming jia ji" ben</subfield><subfield code="t">Zhang Taichang ji 1 juan /</subfield><subfield code="r">(Han) Zhang Huan zhuan, (Qing) Zhang Shu ji</subfield><subfield code="g">Qing Daoguang yuan nian (1821) Wuwei Zhang Shi er you tang ke "Er you tang cong shu" ben --</subfield><subfield code="t">Duan tai wei ji 1 juan /</subfield><subfield code="r">(Han) Duan Jiong zhuan, (Qing) Zhang Shu ji</subfield><subfield code="g">Qing Daoguang yuan nian (1821) Wuwei Zhang Shi er you tang ke "Er you tang cong shu" ben --</subfield><subfield code="t">Huangfu Sinong ji 1 juan /</subfield><subfield code="r">(Han) Huangfu Gui zhuan, (Qing) Zhang Shu ji</subfield><subfield code="g">Qing Daoguang yuan nian (1821) Wuwei Zhang Shi er you tang ke "Er you tang cong shu" ben --</subfield><subfield code="t">Zheng Sinong ji 1 juan /</subfield><subfield code="r">(Han) Zheng Xuan zhuan</subfield><subfield code="g">Qing Qianlong 21 nian (1756) ke "Ya yu tang cong shu" ben --</subfield><subfield code="t">Zheng Kangcheng ji 1 juan /</subfield><subfield code="r">(Han) Zheng Xuan zhuan, Ding Fubao ji</subfield><subfield code="g">Qing Xuantong 2 nian (1911) Shanghai wen ming shu ju qian yin "Han wei liu chao ming jia ji" ben --</subfield><subfield code="t">Zhao Jili ji 1 juan /</subfield><subfield code="r">(Han) Zhao Yi zhuan, Zhang Pengyi ji</subfield><subfield code="g">Minguo qian yin "Guan long cong shu" ben --</subfield><subfield code="t">Cai Zhonglang wen ji 10 juan wai zhuan 1 juan(juan 1-2) /</subfield><subfield code="r">(Han) Cai Yong zhuan</subfield><subfield code="g">Ming Zhengde 10 nian (1515) Hua jian lan xue tang tong huo zi yin ben --</subfield><subfield code="g">Di 33 ce.</subfield><subfield code="t">Cai Zhonglang wen ji 10 juan wai zhuan 1 juan (juan 3-wai zhuan) /</subfield><subfield code="r">(Han) Cai Yong zhuan</subfield><subfield code="g">Ming Zhengde 10 nian (1515) Hua jian lan xue tang tong huo zi yin ben --</subfield><subfield code="t">Han Cai Zhonglang ji 6 juan /</subfield><subfield code="r">(Han) Cai Yong zhuan</subfield><subfield code="g">Ming Jiajing 27 nian (1548) wu cheng yang xian ke ben --</subfield><subfield code="g">Di 34 ce.</subfield><subfield code="t">Han Cai Zhonglang ji 11 juan /</subfield><subfield code="r">(Han) Cai Yong zhuan, (Ming) Mao Yixiang ding</subfield><subfield code="g">Ming Wanli 8 nian (1580) mao yi xiang wen xia ge ke ben --</subfield><subfield code="t">Cai Zhonglang ji 2 juan (juan 1) /</subfield><subfield code="r">(Han) Cai Yong zhuan, (Ming) Zhang Pu ji, (Qing) He Shaoji pi jiao</subfield><subfield code="g">Ming ke "Han Wei liu chao bai san ming jia ji" ben --</subfield><subfield code="g">Di 35 ce.</subfield><subfield code="t">Cai Zhonglang ji 2 juan (juan 2) /</subfield><subfield code="r">(Han) Cai Yong zhuan, (Ming) Zhang Pu ji, (Qing) He Shaoji pi jiao</subfield><subfield code="g">Ming ke "Han Wei liu chao bai san ming jia ji" ben --</subfield><subfield code="t">Cai Zhonglang ji 10 juan wai ji 1 juan wai ji 4 juan mo 1 juan (juan 1-9) /</subfield><subfield code="r">(Han) Cai Yong zhuan, (Qing) Huang Pilie, (Qing) Gu Qianli jiao</subfield><subfield code="g">Qing Xianfeng 2 nian (1852) Yang Shi Hai yuan ge ke ben --</subfield><subfield code="g">Di 36 ce.</subfield><subfield code="t">Cai Zhonglang ji 10 juan, wai ji 1 juan, wai ji 4 juan mo 1 juan (juan 10-mo juan) /</subfield><subfield code="r">(Han) Cai Yong zhuan, (Qing) Huang Pilie, (Qing) Gu Qianli jiao</subfield><subfield code="g">Qing Xianfeng 2 nian (1852) Yang Shi Hai yuan ge ke ben --</subfield><subfield code="t">Jiao Cai Zhonglang wen ji shu zheng 10 juan wai ji shu zheng 1 juan, Cai Zhonglang wen ji bu 1 juan /</subfield><subfield code="r">(Han) Cai Yong zhuan, (Qing) Wu Zhizhong shu zheng ji bu</subfield><subfield code="g">gao ben --</subfield><subfield code="g">Di 37 ce.</subfield><subfield code="t">Zhao Taichang ji 1 juan /</subfield><subfield code="r">(Han) Zhao Qi zhuan, (Qing) Zhang Pengyi ji</subfield><subfield code="g">Minguo qian yin "Guan long cong shu" ben --</subfield><subfield code="t">Dong han Xun Shizhong ji 1 juan /</subfield><subfield code="r">(Han) Xun Yue zhuan, (Ming) Zhang Pu ji, (Qing) He Shaoji pi jiao</subfield><subfield code="g">Ming ke "Han Wei liu chao bai san ming jia ji" ben --</subfield><subfield code="t">San Fu ji 1 juan /</subfield><subfield code="r">(Han) Fu Gan, (Han) Fu Xun, (Han) Fu Gu zhuan, (Qing) Zhang Pengyi ji</subfield><subfield code="g">Minguo qian yin "Guan long cong shu" ben --</subfield><subfield code="t">Kong Shaofu ji 1 juan /</subfield><subfield code="r">(Han) Kong Rong zhuan, (Ming) Zhang Pu ji, (Qing) He Shaoji pi jiao</subfield><subfield code="g">Ming ke "Han Wei liu chao bai san ming jia ji" ben --</subfield><subfield code="t">Wei Wudi ji 1 juan /</subfield><subfield code="r">(Han) Cao Cao zhuan, (Ming) Zhang Pu ji, (Qing) He Shaoji pi jiao</subfield><subfield code="g">Ming ke "Han Wei liu chao bai san ming jia ji" ben --</subfield><subfield code="t">Shu cheng xiang Zhuge Liangwen ji 6 juan cun 3 juan(juan 4-6) /</subfield><subfield code="r">(San guo, Shu) Zhuge Liangzhuan</subfield><subfield code="g">Ming Zhengde 12 nian (1517) Yan Qin ke ben --</subfield><subfield code="g">Di 38 ce.</subfield><subfield code="t">Hou ji 16 juan /</subfield><subfield code="r">(San guo, Shu) Zhuge Liang zhuan, (Ming) Wang Shiqi ji</subfield><subfield code="g">Ming Wanli 45 nian (1617) Qian Shiyao ke ben --</subfield><subfield code="g">Di 39 ce.</subfield><subfield code="t">Han Zhuge wu hou quan ji 4 juan /</subfield><subfield code="r">(San guo, Shu) Zhuge Liangzhuan, (Ming) zhu ge qing ji</subfield><subfield code="g">Ming Tianqi yuan nian (1621) Zhuge Qing ke ben --</subfield><subfield code="t">Wang Zhongxuan ji 4 juan /</subfield><subfield code="r">(Han) Wang Can zhuan, (Ming) Yang Dezhou bian</subfield><subfield code="g">Ming Chongzhen 11 nian (1638) Chen Chaofu "Hui ke Jian'an qi zi ji" ke ben --</subfield><subfield code="t">Wang Shizhong ji 1 juan /</subfield><subfield code="r">(Han) Wang Can zhuan, (Ming) Zhang Pu ji, (Qing) He Shaoji pi jiao</subfield><subfield code="g">Ming ke "Han Wei liu chao bai san ming jia ji" ben --</subfield><subfield code="t">Chen Kongzhang ji 2 juan /</subfield><subfield code="r">(Han) Chen Lin zhuan, (Ming) Yang Dezhou bian</subfield><subfield code="g">Ming Chongzhen 11 nian (1638) Chen Chaofu "Hui ke Jian'an qi zi ji" ke ben --</subfield><subfield code="t">Chen ji shi ji 1 juan /</subfield><subfield code="r">(Han) Chen Lin zhuan, (Ming) Zhang Pu ji, (Qing) He Shaoji pi jiao</subfield><subfield code="g">Ming ke "Han Wei liu chao bai san ming jia ji" ben --</subfield><subfield code="g">Di 40 ce.</subfield><subfield code="t">Liu Gonggan ji 2 juan /</subfield><subfield code="r">(Han) Liu Zhen zhuan, (Ming) Yang Dezhou bian</subfield><subfield code="g">Ming Chongzhen 11 nian (1638) Chen Chaofu "Hui ke jian an qi zi ji" ke ben --</subfield><subfield code="t">Liu Gonggan ji 1 juan /</subfield><subfield code="r">(Han) Liu Zhen zhuan, (Ming) Zhang Pu ji</subfield><subfield code="g">Ming ke "Han Wei liu chao bai san ming jia ji" ben --</subfield><subfield code="t">Xu Weichang ji 6 juan /</subfield><subfield code="r">(Han) Xu Gan zhuan, (Ming) Yang Dezhou bian</subfield><subfield code="g">Ming Chongzhen 11 nian (1638) Chen Chaofu "Hui ke jian an qi zi ji" ke ben --</subfield><subfield code="t">Ruan Yuanyu ji 2 juan /</subfield><subfield code="r">(Han) Ruan Yu zhuan, (Ming) Yang Dezhou bian</subfield><subfield code="g">Ming Chongzhen 11 nian (1638) Chen Chaofu "Hui ke jian an qi zi ji" ke ben --</subfield><subfield code="t">Ying Delian ji 2 juan /</subfield><subfield code="r">(Han) Ying Chang zhuan (Ming) Yang Dezhou bian</subfield><subfield code="g">Ming Chongzhen 11 nian (1638) Chen Chaofu "Hui ke jian an qi zi ji" ke ben --</subfield><subfield code="t">Wei Wendi ji 2 juan /</subfield><subfield code="r">(San guo, Wei) Cao Pi zhuan, (Ming) Zhang Pu ji, (Qing) He Shaoji pi jiao</subfield><subfield code="g">Ming ke "Han Wei liu chao bai san ming jia ji" ben</subfield></datafield><datafield ind1="8" ind2="0" tag="505"><subfield code="g">Di 41 ce.</subfield><subfield code="t">Cao Zijian wen ji 10 juan /</subfield><subfield code="r">(San guo, Wei) Cao Zhi zhuan</subfield><subfield code="g">Song ke ben --</subfield><subfield code="t">Chen Siwang ji 10 juan /</subfield><subfield code="r">(San guo, Wei) Cao Zhi zhuan</subfield><subfield code="g">Ming Zhengde 5 nian (1510) Shu Zhen ke ben --</subfield><subfield code="g">Di 42 ce.</subfield><subfield code="t">Cao Zijian ji 10 juan /</subfield><subfield code="r">(San guo, Wei) Cao Zhi zhuan, (Ming) Li Mengyang deng ping, (Qing) Zhou Xingyi jiao</subfield><subfield code="g">Ming Tianqi yuan nian (1621) Ling Xingde ke zhu mo tao yin ben --</subfield><subfield code="g">Di 43 ce.</subfield><subfield code="t">Cao Zjian ji10 juan /</subfield><subfield code="r">(San guo, Wei) Cao Zhi zhuan, (Ming) Yang Dezhou bian</subfield><subfield code="g">Ming Chongzhen 11 nian (1638) Chen Chaofu "Hui ke jian an qi zi ji" ke ben --</subfield><subfield code="t">Cao Zjian jishi juan /</subfield><subfield code="r">(San guo, Wei) Cao Zhi zhuan</subfield><subfield code="g">Ming tong huo zi yin ben --</subfield><subfield code="g">Di 44 ce.</subfield><subfield code="t">Cao Zijian wen ji 10 juan /</subfield><subfield code="r">(San guo, Wei) Cao Zhi zhuan</subfield><subfield code="g">Ming chao ben --</subfield><subfield code="t">Cao Zjian ji 10 juan xu lu 1 juan nian pu 1 juan bu yi 1 juan (juan 1-6) /</subfield><subfield code="r">(San guo, Wei) Cao Zhi zhuan, (Qing) Zhu Xuceng ji</subfield><subfield code="g">(Qing) Weng Tongshu jiao qing chao ben --</subfield><subfield code="g">Di 45 ce.</subfield><subfield code="t">Cao Zjian ji 10 juan, xu lu 1 juan, nian pu 1 juan, bu yi 1 juan (juan 7-bu yi) /</subfield><subfield code="r">(San guo, Wei) Cao Zhi zhuan, (Qing) Zhu Xuceng ji</subfield><subfield code="g">(Qing) Weng Tongshu jiao Qing chao ben --</subfield><subfield code="g">Di 46 ce.</subfield><subfield code="t">Cao Zjian ji 2 juan /</subfield><subfield code="r">(San guo, Wei) Cao Zhi zhuan, (Qing) Zhuo Erkan bian, (Qing) Mei Zhizhi pi dian</subfield><subfield code="g">Qing Kangxi ke "He ke cao tao xie san jia shi" ben --</subfield><subfield code="t">Cao ji quan ping 10 juan yi wen yi juan ; Wei Chen Siwang nian pu yi juan /</subfield><subfield code="r">(San guo, Wei) Cao Zhi zhuan, (Qing) Ding Yan ping</subfield><subfield code="g">Qing Xuantong 3 nian (1911) Shanghai wen ming shu ju qian yin "Han wei liu chao ming jia ji" ben --</subfield><subfield code="t">Cao ji kao yi 12 juan (juan 1-5) /</subfield><subfield code="r">(San guo, Wei) Cao Zhi zhuan, (Qing) Zhu Xuceng kao yi</subfield><subfield code="g">Minguo 3-5 nian (1914-1916) Shang yuan Jiang Shi shen xiu shu wu qian yin "Jin ling cong shu" bing ji ben --</subfield><subfield code="g">Di 47 ce.</subfield><subfield code="t">Cao ji kao yi 12 juan (juan 6-12) /</subfield><subfield code="r">(San guo, Wei) Cao Zhi zhuan, (Qing) Zhu Xuceng kao yi</subfield><subfield code="g">Minguo 3-5 nian (1914-1916) Shang yuan Jiang Shi shen xiu shu wu qian yin "Jin ling cong shu" bing ji ben --</subfield><subfield code="t">Cao Zijian shi jian ding ben 4 juan /</subfield><subfield code="r">Gu Zhi zhuan</subfield><subfield code="g">Minguo 24 nian (1935) Zhonghua shu ju qian yin "Ceng bing tang wu zhong" ben --</subfield><subfield code="t">Wei Ying Xiulian ji 1 juan /</subfield><subfield code="r">(San guo, Wei) Ying qu zhuan, (Ming) Zhang Pu ji, (Qing) He Shaoji pi jiao</subfield><subfield code="g">Ming ke "Han Wei liu chao bai san ming jia ji" ben --</subfield><subfield code="g">Di 48 ce.</subfield><subfield code="t">Ji Zhongsan ji 10 juan /</subfield><subfield code="r">(San guo, Wei) Ji Kang zhuan,</subfield><subfield code="g">Ming Jiajing 4 nian (1525) Huang Sheng Ceng Nan xing jing she ke ben --</subfield><subfield code="t">Ji Zhongsan ji 10 juan /</subfield><subfield code="r">(San guo, Wei) Ji Kang zhuan, Miao Quansun jiao</subfield><subfield code="g">Ming cheng rong ke ben --</subfield><subfield code="t">Ji Zhongsan ji 10 juan /</subfield><subfield code="r">(San guo, Wei) Ji Kang zhuan, Fu Zengxiang jiao</subfield><subfield code="g">Ming ke ben --</subfield><subfield code="g">Di 49 ce.</subfield><subfield code="t">Ji Zhongsan ji 10 juan /</subfield><subfield code="r">(San guo, Wei) Ji Kang zhuan</subfield><subfield code="g">Ming chao ben --</subfield><subfield code="t">Ji kang ji 10 juan /</subfield><subfield code="r">(San guo, Wei) Ji Kang zhuan, Lu Xun ji jiao</subfield><subfield code="g">1956 nian wen xue gu ji kan xing she ying yin gao ben --</subfield><subfield code="t">Ruan Sizong ji 2 juan /</subfield><subfield code="r">(San guo, Wei) Ruan Ji zhuan</subfield><subfield code="g">Ming cheng rong ke ben --</subfield><subfield code="g">Di 50 ce.</subfield><subfield code="t">Ruan Sizong ji 2 juan /</subfield><subfield code="r">(San guo, Wei) Ruan Ji zhuan, Fu Zengxiang jiao</subfield><subfield code="g">Ming Jiajing 22 nian (1543) Fan Qin, Chen Dewen ke ben --</subfield><subfield code="t">Ruan Sizong ji 2 juan /</subfield><subfield code="r">(San guo, Wei) Ruan Ji zhuan</subfield><subfield code="g">Ming Chongzhen Pan Cong ke "Ruan Tao he ji" ben --</subfield><subfield code="t">Ruan bu bing ji 1 juan /</subfield><subfield code="r">(San guo, Wei) Ruan Ji zhuan, (Ming) Zhang Pu ji, (Qing) He Shaoji pi jiao</subfield><subfield code="g">Ming ke "Han Wei liu chao bai san ming jia ji" ben --</subfield><subfield code="g">Di 51 ce.</subfield><subfield code="t">Ruan Sizong yong huai shi zhu 4 juan /</subfield><subfield code="r">(Qing) Jiang Shiyue zhuan</subfield><subfield code="g">Qing Jiaqing 4 nian (1799) Dun gen tang ke ben --</subfield><subfield code="t">Ruan Bubing yong huai shi zhu 1 juan /</subfield><subfield code="r">Huang Jie zhuan</subfield><subfield code="g">Minguo shi wu nian (1926) qian yin ben --</subfield><subfield code="t">Ruan Sizong yong huai shi jian ding ben 1 juan /</subfield><subfield code="r">Gu Zhi zhuan</subfield><subfield code="g">Minguo 24 nian (1935) Zhonghua shu ju qian yin "Ceng bing tang wu zhong" ben --</subfield><subfield code="t">Wei Zhong Situ ji 1 juan /</subfield><subfield code="r">(San guo, Wei) Zhong Hui zhuan, (Ming) Zhang Pu ji, (Qing) He Shaoji pi jiao</subfield><subfield code="g">Ming ke "Han Wei liu chao bai san ming jia ji" ben --</subfield><subfield code="g">Di 52 ce.</subfield><subfield code="t">Liu Lingjun ji /</subfield><subfield code="r">(Jin) Liu Ba zhuan, (Qing) Chen Yunrong ji</subfield><subfield code="g">Qing Guangxu 29 nian (1903) Xiangxi Chen shi ke "Lu shan jing she cong shu, Xiang zhong ming xian yi ji wu zhong" ben --</subfield><subfield code="t">Jiang Gonghou ji /</subfield><subfield code="r">(Jin) Jiang Wan zhuan, (Qing) Chen Yunrong ji</subfield><subfield code="g">Qing Guangxu 29 nian (1903) Xiangxi Chen shi ke "Lu shan jing she cong shu, Xiang zhong ming xian yi ji wu zhong" ben --</subfield><subfield code="t">Fu Chungu ji 1 juan /</subfield><subfield code="r">(Jin) Fu Xuan zhuan, (Ming) Zhang Pu ji, (Qing) He Shaoji pi jiao</subfield><subfield code="g">Ming ke "Han Wei liu chao bai san ming jia ji" ben --</subfield><subfield code="t">Fu Chungu ji 5 juan fu Fu zi jiao kan ji 1 juan /</subfield><subfield code="r">(Jin) Fu Xuan zhuan, (Qing) Fang Junshi ji</subfield><subfield code="g">Qing Guangxu 2 nian (1876) Guangzhou shu ju ke ben --</subfield><subfield code="g">Di 53 ce.</subfield><subfield code="t">Jin Si Li jiao wei Fu Xuan ji 3 juan /</subfield><subfield code="r">(Jin) Fu xuan zhuan, (Qing) Ye Dehui ji</subfield><subfield code="g">Qing Guangxu ke "Guan gu tang suo zhu shu" ben --</subfield><subfield code="t">Cheng Gong Zian ji 1 juan /</subfield><subfield code="r">(Jin) Cheng Gongsui zhuan, (Ming) Zhang Pu ji, (Qing) He Shaoji pi jiao</subfield><subfield code="g">Ming ke "Han Wei liu chao bai san ming jia ji" ben --</subfield><subfield code="t">Wei Xun Gongceng ji 1 juan /</subfield><subfield code="r">(San guo, Wei) Xun Xu zhuan, (Ming) Zhang Pu ji, (Qing) He Shaoji pi jiao</subfield><subfield code="g">Ming ke "Han Wei liu chao bai san ming jia ji" ben --</subfield><subfield code="t">Xia hou chang shi ji 1 juan /</subfield><subfield code="r">(Jin) Xia Houzhan zhuan, (Ming) Zhang Pu ji, (Qing) He Shaoji pi jiao</subfield><subfield code="g">Ming ke "Han Wei liu chao bai san ming jia ji" ben --</subfield><subfield code="t">Sun Fengyi ji 1 juan /</subfield><subfield code="r">(Jin) Sun Chu zhuan, (Ming) Zhang Pu ji, (Qing) He Shaoji pi jiao</subfield><subfield code="g">Ming ke "Han Wei liu chao bai san ming jia ji" ben --</subfield><subfield code="t">Jin Du Zhengnan ji 1 juan /</subfield><subfield code="r">(Jin) Du Yu zhuan, (Ming) Zhang Pu ji, (Qing) He Shaoji pi jiao</subfield><subfield code="g">Ming ke "Han Wei liu chao bai san ming jia ji" ben --</subfield><subfield code="g">Di 54 ce.</subfield><subfield code="t">Fu Zhongcheng ji 1 juan /</subfield><subfield code="r">(Jin) Fu Xian zhuan, (Ming) Zhang Pu ji, (Qing) He Shaoji pi jiao</subfield><subfield code="g">Ming ke "Han Wei liu chao bai san ming jia ji" ben --</subfield><subfield code="t">Zhong Cheng ji 1 juan /</subfield><subfield code="r">(Jin) Fu Xian zhuan, (Qing) Zhang Pengyi ji</subfield><subfield code="g">Minguo qian yin "Guan long cong shu" ben --</subfield><subfield code="t">Jin Zhang Sikong ji 1 juan /</subfield><subfield code="r">(Jin) Zhang Hua zhuan, (Ming) Zhang Pu ji, (Qing) He Shaoji pi jiao</subfield><subfield code="g">Ming ke "Han Wei liu chao bai san ming jia ji" ben --</subfield><subfield code="t">Pan Huangmen ji 6 juan /</subfield><subfield code="r">(Jin) Pan Yue zhuan, Fu Zengxiang pi jiao</subfield><subfield code="g">Ming Lü Zhaoxi ke ben --</subfield><subfield code="g">Di 55 ce.</subfield><subfield code="t">Pan Huangmen ji 1 juan /</subfield><subfield code="r">(Jin) Pan Yue zhuan, (Ming) Zhang Pu ji, (Qing) He Shaoji pi jiao</subfield><subfield code="g">Ming ke "Han Wei liu chao bai san ming jia ji" ben --</subfield><subfield code="t">Jin Shu Guangwei ji 1 juan /</subfield><subfield code="r">(Jin) Shu Xi zhuan, (Ming) Zhang Pu ji, (Qing) He Shaoji pi jiao</subfield><subfield code="g">Ming ke "Han Wei liu chao bai san ming jia ji" ben --</subfield><subfield code="t">Lu Shiheng wen ji 10 juan /</subfield><subfield code="r">(Jin) Lu Ji zhuan, (Qing) Zhao Huaiyu deng jiao</subfield><subfield code="g">Qing ying chao Song ke "Jin er jun wen ji" ben --</subfield><subfield code="t">Lu Shiheng wen ji 10 juan /</subfield><subfield code="r">(Jin) Lu Ji zhuan, (Qing) Lu Yidian jiao</subfield><subfield code="g">Ming Zhengde 14 nian (1519) lu yuan da ke "Jin er jun wen ji" ben --</subfield><subfield code="g">Di 56 ce.</subfield><subfield code="t">Lu Shiheng wen ji 10 juan zha ji 1 juan /</subfield><subfield code="r">(Jin) Lu Ji zhuan, (Qing) Qian Peiming zhuan</subfield><subfield code="g">Qing Guangxu 4 nian (1878) ke "Xiao wan juan lou cong shu" ben --</subfield><subfield code="t">Lu Shilong wen ji 10 juan /</subfield><subfield code="r">(Jin) Lu Yun zhuan</subfield><subfield code="g">Song Qing yuan 6 nian (1200) Hua ting xian xue ke ben --</subfield><subfield code="t">Lu Shilong ji 4 juan /</subfield><subfield code="r">(Jin) Lu Yun zhuan, (Qing) Zhou Lianggong jiao</subfield><subfield code="g">Ming ke ben --</subfield><subfield code="g">Di 57 ce.</subfield><subfield code="t">Zuo Jiupin ji1 juan fu lu 1 juan /</subfield><subfield code="r">(Jin) Zuo Fen zhuan, (Qing) Zhou Shijing ji</subfield><subfield code="g">Qing Jiaqing Zhou shi mu geng lou chao ben --</subfield><subfield code="t">Zuo Jiupin ji 1 juan fu lu 1 juan /</subfield><subfield code="r">(Jin) Zuo Fen zhuan</subfield><subfield code="g">Qing chao ben --</subfield><subfield code="t">Zuo Mishu ji 2 juan fu lu 1 juan /</subfield><subfield code="r">(Jin) Zuo Si zhuan, (Qing) Zhou Shijing ji</subfield><subfield code="g">Qing Jiaqing Zhou shi mu geng lou chao ben --</subfield><subfield code="t">Zuo Taichong ji 1 juan /</subfield><subfield code="r">(Jin) Zuo Si zhuan, Ding Fubao ji</subfield><subfield code="g">Qing Xuantong 3 nian (1911) Shanghai wen ming shu ju qian yin "Han wei liu chao ming jia ji" ben --</subfield><subfield code="t">Jin Zhang Mengyang ji 1 juan /</subfield><subfield code="r">(Jin) Zhang Zai zhuan, (Ming) Zhang Pu ji, (Qing) He Shaoji pi jiao</subfield><subfield code="g">Ming ke "Han Wei liu chao bai san ming jia ji" ben --</subfield><subfield code="t">Jin Zhang Jingyang ji 1 juan /</subfield><subfield code="r">(Jin) Zhang Xie zhuan, (Ming) Zhang Pu ji, (Qing) He Shaoji pi jiao</subfield><subfield code="g">Ming ke "Han Wei liu chao bai san ming jia ji" ben --</subfield><subfield code="t">Jin Zhi Taichang ji 1 juan /</subfield><subfield code="r">(Jin) Zhi Yu zhuan, (Ming) Zhang Pu ji, (Qing) He Shaoji pi jiao</subfield><subfield code="g">Ming ke "Han Wei liu chao bai san ming jia ji" ben --</subfield><subfield code="t">Zhi Taichang yi shu 3 juan /</subfield><subfield code="r">(Jin) Zhi Yu zhuan, (Qing) Zhang Pengyi ji</subfield><subfield code="g">Minguo qian yin "Guan long cong shu" ben --</subfield><subfield code="g">Di 58 ce.</subfield><subfield code="t">Pan Taichang ji 1 juan /</subfield><subfield code="r">(Jin) Pan Ni zhuan, (Ming) Zhang Pu ji, (Qing) He Shaoji pi jiao</subfield><subfield code="g">Ming ke "Han Wei liu chao bai san ming jia ji" ben --</subfield><subfield code="t">Jin Liu Yueshi ji 1 juan /</subfield><subfield code="r">(Jin) Liu Kun zhuan, (Ming) Zhang Pu ji, (Qing) He Shaoji pi jiao</subfield><subfield code="g">Ming ke "Han Wei liu chao bai san ming jia ji" ben --</subfield><subfield code="t">Guo Hongnong ji 2 juan /</subfield><subfield code="r">(Jin) Guo Pu zhuan, (Ming) Zhang Pu ji, (Qing) He Shaoji pi jiao</subfield><subfield code="g">Ming ke "Han Wei liu chao bai san ming jia ji" ben --</subfield><subfield code="t">Sun Tingwei ji 1 juan /</subfield><subfield code="r">(Jin) Sun Chuo zhuan, (Ming) Zhang Pu ji, (Qing) He Shaoji pi jiao</subfield><subfield code="g">Ming ke "Han Wei liu chao bai san ming jia ji" ben --</subfield><subfield code="g">Di 59 ce.</subfield><subfield code="t">Jin Wang Youjun ji 2 juan /</subfield><subfield code="r">(Jin) Wang Xizhi zhuan, (Ming) Zhang Pu ji, (Qing) He Shaoji pi jiao</subfield><subfield code="g">Ming ke "Han Wei liu chao bai san ming jia ji" ben --</subfield><subfield code="t">Jin Wang Daling ji 1 juan /</subfield><subfield code="r">(Jin) Wang Xianzhi zhuan, (Ming) Zhang Pu ji, (Qing) He Shaoji pi jiao</subfield><subfield code="g">Ming ke "Han Wei liu chao bai san ming jia ji" ben --</subfield><subfield code="t">Zhan Ziyi ji 1 juan fu lu 1 juan /</subfield><subfield code="r">(Jin) Zhan Fangsheng zhuan, (Qing) Zhou Shijing ji</subfield><subfield code="g">Qing Jiaqing Zhou shi mu geng lou chao ben --</subfield><subfield code="t">Gu Jian ji 1 juan /</subfield><subfield code="r">(Jin) Gu Jian zhuan (Qing) Chen Yunrong ji</subfield><subfield code="g">Qing Guangxu Xuantong jian "Lu shan jing she cong shu, Xiang zhong ming xian yi ji wu zhong" ben --</subfield><subfield code="t">Che Taichang ji 1 juan /</subfield><subfield code="r">(Jin) Che Yin zhuan, (Qing) Chen Yunrong ji</subfield><subfield code="g">Qing Guangxu Xuantong jian "Lu shan jing she cong shu, Xiang zhong ming xian yi ji wu zhong" ben --</subfield><subfield code="g">Di 60 ce.</subfield><subfield code="t">Tao Yuanming shi 1 juan za wen 1 juan /</subfield><subfield code="r">(Jin) Tao Qian zhuan</subfield><subfield code="g">Song Shaoxi 3 nian (1192) Zeng Ji ke ben --</subfield><subfield code="t">Tao Yuanming ji 10 juan /</subfield><subfield code="r">(Jin) Tao Qian zhuan</subfield><subfield code="g">Song ke di xiu ben --</subfield><subfield code="t">Tao Jingjie xian sheng shi zhu 4 juan bu zhu 1 juan /</subfield><subfield code="r">(Jin) Tao Qian zhuan, (Song) Tang Han zhu</subfield><subfield code="g">Song Chunyou yuan nian (1241) Tang Han ke ben</subfield></datafield><datafield ind1="8" ind2="0" tag="505"><subfield code="6">880-04</subfield><subfield code="g">Di 61 ce.</subfield><subfield code="t">Tao Jingjie xian sheng ji 10 juan cun si juan fu nian pu 1 juan (juan 1-4, nian pu) /</subfield><subfield code="r">(Jin) Tao Qian zhuan, (Song) Wu Renjie zhuan</subfield><subfield code="g">Song ke di xiu ben --</subfield><subfield code="t">Jian zhu Tao Yuanming ji 10 juan zong lun 1 juan /</subfield><subfield code="r">(Jin) Tao Qian zhuan, (Yuan) Li Gonghuan ji jian</subfield><subfield code="g">Yuan ke ben --</subfield><subfield code="g">Di 62 ce.</subfield><subfield code="t">Tao shi ji zhu 4 juan, fu Dongpo he Tao shi 1 juan /</subfield><subfield code="r">(Qing) Zhan Kuixi zhuan, (Song) Su Shi zhuan, (Qing) Guan Tingfen lu, (Qing) He Chao, (Qing) Cha Shenxing pi</subfield><subfield code="g">Qing Kangxi 33 nian (1694) Zhan shi Bao mo tang ke ben --</subfield><subfield code="t">Tao shi hui zhu 4 juan shou 1 juan mo 1 juan lun Tao 1 juan /</subfield><subfield code="r">(Qing) Wu Zhantai ji, (Qing) Wu Song zhuan, (Qing) Zheng Wusheng lu, (Qing) Qian Lucan deng pi jiao</subfield><subfield code="g">Qing Kangxi 44 nian (1705) Cheng yin ke ben --</subfield><subfield code="g">Di 63 ce.</subfield><subfield code="t">Tao Jingjie ji 4 juan /</subfield><subfield code="r">(Jin) Tao Qian zhuan, (Qing) Zhuo Erkan bian, (Qing) Mei Zhizhi pi dian</subfield><subfield code="g">Qing Kangxi "He ke cao tao xie san jia shi" ke ben</subfield><subfield code="t">Tao shi ben yi 4 juan /</subfield><subfield code="r">(Jin) Tao Qian zhuan, (Qing) Ma Pu ji zhu</subfield><subfield code="g">Qing Qianlong 35 nian (1770) Wu Zhaoyuan Yu shan tang ke ben</subfield><subfield code="t">Tao shi bian nian 1 juan /</subfield><subfield code="r">(Qing) Chen Li zhuan</subfield><subfield code="g">Qing chao ben --</subfield><subfield code="g">Di 64 ce.</subfield><subfield code="t">Jing Jie xian sheng ji 10 juan shou 1 juan nian pu kao yi 2 juan /</subfield><subfield code="r">(Jin) Tao Qian zhuan, (Qing) Tao Shu ji zhu, (Qing) Mo Youzhi jiao</subfield><subfield code="g">Qing Daoguang 25 nian (1845) Xi Yin shu she ke ben --</subfield><subfield code="g">Di 65 ce.</subfield><subfield code="t">Zhi Daolin ji 1 juan /</subfield><subfield code="r">(Jin) Shi Zhidun zhuan</subfield><subfield code="g">Ming Jiajing 19 nian (1540) Huangfu Xiao ke ben --</subfield><subfield code="t">Zhi Daolin ji 1 juan wai ji 1 juan /</subfield><subfield code="r">(Jin) Shi Zhidun zhuan, (Ming) Huangfu Xiao bian, (Ming) Shi Xuan ji</subfield><subfield code="g">Ming mo wu jia zhou ke ben --</subfield><subfield code="t">Zhidun ji 2 juan bu yi 1 juan /</subfield><subfield code="r">(Jin) Shi Zhidun zhuan, (Qing) Jiang Qingyi ji</subfield><subfield code="g">Qing Guangxu 10 (1884) ke "Shao Wu Xu shi cong shu" ben --</subfield><subfield code="t">Song Fu Guanglu ji 1 juan /</subfield><subfield code="r">(Nan chao, Song) Fu Liang zhuan, (Ming) Zhang Pu ji (Qing) fu yi li pi jiao</subfield><subfield code="g">Ming ke "Han Wei liu chao bai san ming jia ji" ben --</subfield><subfield code="t">Song Fu Guanglu ji 1 juan /</subfield><subfield code="r">(Nan chao, Song) Fu Liang zhuan, (Ming) Zhang Pu ji, (Qing) He Shaoji pi jiao</subfield><subfield code="g">Ming ke "Han Wei liu chao bai san ming jia ji" ben --</subfield><subfield code="t">Xie Lingyun shi ji 2 juan /</subfield><subfield code="r">(Nan chao, Song) Xie Lingyun zhuan, (Ming) Huang Shengceng ji</subfield><subfield code="g">Ming Jiajing huang sheng ceng ke ben --</subfield><subfield code="t">Xie Lingyun shi 2 juan /</subfield><subfield code="r">(Nan chao, Song) Xie Lingyun zhuan</subfield><subfield code="g">Ming liao fan zhu chong rang mei nan shu wu ke "San xie shi ji" ben --</subfield><subfield code="g">Di 66 ce.</subfield><subfield code="t">Xie Kangle ji 4 juan /</subfield><subfield code="r">(Nan chao, Song) Xie Lingyun zhuan, (Ming) Shen Qiyuan ji</subfield><subfield code="g">Ming Wanli 11 nian (1583) shen qi yuan ke ben --</subfield><subfield code="t">Xie Kangle ji 2 juan /</subfield><subfield code="r">(Nan chao, Song) Xie Lingyun zhuan, (Qing) Zhuo Erkan bian, (Qing) Mei Zhizhi pi jiao</subfield><subfield code="g">Qing Kangxi jian ke "He ke cao tao xie san jia shi" ben --</subfield><subfield code="t">Xie Huilian shi 1 juan /</subfield><subfield code="r">(Nan chao, Song) Xie Huilian zhuan</subfield><subfield code="g">Ming liao fan zhu chong rang mei nan shu wu ke "San xie shi ji" ben --</subfield><subfield code="t">Xie Faccao ji 1 juan /</subfield><subfield code="r">(Nan chao, Song) Xie Huilian zhuan, (Ming) Zhang Pu ji, (Qing) He Shaoji pi jiao</subfield><subfield code="g">Ming ke "Han Wei liu chao bai san ming jia ji" ben --</subfield><subfield code="t">Song He Hengyang ji 1 juan /</subfield><subfield code="r">(Nan chao, Song) He Chengtian zhuan, (Ming) Zhang Pu ji, (Qing) He Shaoji pi jiao</subfield><subfield code="g">Ming ke "Han Wei liu chao bai san ming jia ji" ben --</subfield><subfield code="g">Di 67 ce.</subfield><subfield code="t">Song Yuan Yangyuan ji 1 juan /</subfield><subfield code="r">(Nan chao, Song) Yuan Shu zhuan, (Ming) Zhang Pu ji, (Qing) He Shaoji pi jiao</subfield><subfield code="g">Ming ke "Han Wei liu chao bai san ming jia ji" ben --</subfield><subfield code="t">Yan Guanglu ji 3 juan /</subfield><subfield code="r">(Nan chao, Song) Yan Yanzhi zhuan, (Ming) Yan Yuzhang bian</subfield><subfield code="g">Ming Wanli 36 nian (1608) "Yan shi chuan shu" ben --</subfield><subfield code="t">Xie Guanglu ji 1 juan /</subfield><subfield code="r">(Nan chao, Song) Xie Zhuang zhuan, (Ming) Zhang Pu ji, (Qing) He Shaoji pi jiao</subfield><subfield code="g">Ming ke "Han Wei liu chao bai san ming jia ji" ben --</subfield><subfield code="t">Bao Shi ji 10 juan /</subfield><subfield code="r">(Nan chao, Song) Bao Zhao zhuan</subfield><subfield code="g">Qing chu mao shi ji gu ge ying song chao ben --</subfield><subfield code="g">Di 68 ce.</subfield><subfield code="t">Bao Shi ji 10 juan /</subfield><subfield code="r">(Nan chao, Song) Bao Zhao zhuan, (Qing) Mao Yi jiao</subfield><subfield code="g">Ming Zhengde 5 nian (1510) Zhu Yingdeng ke ben --</subfield><subfield code="t">Wang Wenxian ji 1 juan /</subfield><subfield code="r">(Nan chao, Qi) Wang Jian zhuan, (Ming) Zhang Pu ji, (Qing) He Shaoji pi jiao</subfield><subfield code="g">Ming ke "Han Wei liu chao bai san ming jia ji" ben --</subfield><subfield code="t">Nan Qi Jing ling wang ji 2 juan /</subfield><subfield code="r">(Nan chao, Qi) Ziao Ziliang zhuan, (Ming) Zhang Pu ji, (Qing) He Shaoji pi jiao</subfield><subfield code="g">Ming ke "Han Wei liu chao bai san ming jia ji" ben --</subfield><subfield code="g">Di 69 ce.</subfield><subfield code="t">Wang Ningshuo ji 1 juan /</subfield><subfield code="r">(Nan chao, Qi) Wang Rong zhuan, (Ming) Zhang Pu ji, (Qing) He Shaoji pi jiao</subfield><subfield code="g">Ming ke "Han Wei liu chao bai san ming jia ji" ben --</subfield><subfield code="t">Nan Qi Kong Zhanshi ji 1 juan /</subfield><subfield code="r">(Nan chao, Qi) Kong Zhigui zhuan, (Ming) Zhang Pu ji, (Qing) He Shaoji pi jiao</subfield><subfield code="g">Ming ke "Han Wei liu chao bai san ming jia ji" ben --</subfield><subfield code="t">Qi Zhang Changshi ji 1 juan /</subfield><subfield code="r">(Nan chao, Qi) Zhang Rong zhuan, (Ming) Zhang Pu ji, (Qing) He Shaoji pi jiao</subfield><subfield code="g">Ming ke "Han Wei liu chao bai san ming jia ji" ben --</subfield><subfield code="t">Xie Tiao ji 5 juan /</subfield><subfield code="r">(Nan chao, Qi) Xie Tiao zhuan</subfield><subfield code="g">Ming Zhengde 6 nian (1511) Liu Shao ke ben --</subfield><subfield code="t">Xie Tiao shi 5 juan /</subfield><subfield code="r">(Nan chao, Qi) Xie Tiao zhuan</subfield><subfield code="g">Ming liao fan zhu chong rang mei nan shu wu ke "San xie shi ji" ben --</subfield><subfield code="g">Di 70 ce.</subfield><subfield code="t">Xie Xuancheng shi ji 5 juan /</subfield><subfield code="r">(Nan chao, Qi) Xie Tiao zhuan</subfield><subfield code="g">Ming Mao shi ji gu ge ying song chao ben --</subfield><subfield code="t">Liang Wudi yu zhi ji 12 juan fu lu yi juan (juan 1-10) /</subfield><subfield code="r">(Nan chao, Liang) Xiao Yan zhuan, (Ming) Zhang Xie ji</subfield><subfield code="g">Ming ke "Qi shi er jia ji" ben --</subfield><subfield code="g">Di 71 ce.</subfield><subfield code="t">Liang Wudi yu zhi ji 12 juan fu lu yi juan (juan 11-fu lu) /</subfield><subfield code="r">(Nan chao, Liang) Xiao Yan zhuan, (Ming) Zhang Xie ji</subfield><subfield code="g">Ming ke "Qi shi er jia ji" ben --</subfield><subfield code="t">Liang Wudi yu zhi ji 1 juan /</subfield><subfield code="r">(Nan chao, Liang) Xiao Yan zhuan, (Ming) Zhang Pu ji, (Qing) He Shaoji pi jiao</subfield><subfield code="g">Ming ke "Han Wei liu chao bai san ming jia ji" ben --</subfield><subfield code="g">Di 72 ce.</subfield><subfield code="t">Liang Jiang Wentong ji 10 juan /</subfield><subfield code="r">(Nan chao, Liang) Jiang Yan zhuan, (Ming) Hu Zhiji zhu</subfield><subfield code="g">Ming Wanli 26 nian (1598) ke ben --</subfield><subfield code="g">Di 73 ce.</subfield><subfield code="t">Jiang Guanglu ji 10 juan ji yi 1 juan /</subfield><subfield code="r">(Nan chao, Liang) Jiang Yan zhuan</subfield><subfield code="g">Ming Wanli mei ding zuo xuan bai tang ke ben --</subfield><subfield code="t">Liang Jiang Wentong wen ji 10 juan /</subfield><subfield code="r">(Nan chao, Liang) Jiang Yan zhuan, (Ming) Feng Shu jiao</subfield><subfield code="g">Ming ke ben --</subfield><subfield code="g">Di 74 ce.</subfield><subfield code="t">Liang Jiang Wentong wen ji 10 juan /</subfield><subfield code="r">(Nan chao, Liang) Jiang Yan zhuan</subfield><subfield code="g">Ming chao ben --</subfield><subfield code="t">Ren Zhongcheng ji 1 juan /</subfield><subfield code="r">(Nan chao, Liang) Ren Fang zhuan, (Ming) Zhang Pu ji, (Qing) He Shaoji pi jiao</subfield><subfield code="g">Ming ke "Han Wei liu chao bai san ming jia ji" ben --</subfield><subfield code="t">Ren Yansheng ji 6 juan /</subfield><subfield code="r">(Nan chao, Liang) Ren Fang zhuan, (Ming) Wang Shixian ji, (Ming) Lü Zhaoxi jiao</subfield><subfield code="g">Ming Wanli 11 nian (1583) Xin' an Wang shi ke "Han wei liu chao er shi yi ming jia ji" ben --</subfield><subfield code="g">Di 75 ce.</subfield><subfield code="t">Liang Qiu Sikong ji 1 juan /</subfield><subfield code="r">(Nan chao, Liang) Qiu Chi zhuan, (Ming) Zhang Pu ji, (Qing) He Shaoji pi jiao</subfield><subfield code="g">Ming ke "Han Wei liu chao bai san ming jia ji" ben --</subfield><subfield code="t">Shen Yinhou ji 4 juan /</subfield><subfield code="r">(Nan chao, Liang) Shen Yue zhuan</subfield><subfield code="g">Ming Wanli 13 nian (1585) Shen Qiyuan ke ben --</subfield><subfield code="g">Di 76 ce.</subfield><subfield code="t">Shen yin hou ji 16 juan /</subfield><subfield code="r">(Nan chao, Liang) shen yue zhuan (Ming) ruan yuan sheng ping dian</subfield><subfield code="g">Ming Chongzhen 6 nian (1633) ke "Liu Shen he ji" ben --</subfield><subfield code="g">Di 77 ce.</subfield><subfield code="t">He Shuibu shi ji 1 juan /</subfield><subfield code="r">(Nan chao, Liang) He Xun zhuan</subfield><subfield code="g">Ming Zhengde 12 nian (1517) Zhang Hong ke ben --</subfield><subfield code="t">He ji shi ji 3 juan /</subfield><subfield code="r">(Nan chao, Liang) He Xun zhuan, (Ming) Zhang Xie ji, Fu Zengxiang jiao</subfield><subfield code="g">Ming ke "Qi shi er jia ji" ben --</subfield><subfield code="t">He Shuibu ji 1 juan /</subfield><subfield code="r">(Nan chao, Liang) He Xun zhuan, (Ming) Zhang Pu ji</subfield><subfield code="g">Ming ke "Han Wei liu chao bai san ming jia ji" ben --</subfield><subfield code="t">He Shuibu shi ji 3 juan /</subfield><subfield code="r">(Nan chao, Liang) He Xun zhuan, Huang Jie jiao</subfield><subfield code="g">Minguo chao ben --</subfield><subfield code="t">Wu Chaoqing ji 1 juan /</subfield><subfield code="r">(Nan chao, Liang) Wu Jun zhuan, (Ming) Zhang Pu ji, (Qing) He Shaoji pi jiao</subfield><subfield code="g">Ming ke "Han Wei liu chao bai san ming jia ji" ben --</subfield><subfield code="t">Wang Zuocheng ji 1 juan /</subfield><subfield code="r">(Nan chao, Liang) Wang Sengru zhuan, (Ming) Zhang Pu ji, (Qing) He Shaoji pi jiao</subfield><subfield code="g">Ming ke "Han Wei liu chao bai san ming jia ji" ben --</subfield><subfield code="g">Di 78 ce.</subfield><subfield code="t">Lu Taichang ji 1 juan /</subfield><subfield code="r">(Nan chao, Liang) Lu Chui zhuan, (Ming) Zhang Pu ji, (Qing) He Shaoji pi jiao</subfield><subfield code="g">Ming ke "Han Wei liu chao bai san ming jia ji" ben --</subfield><subfield code="t">Liang Zhaoming tai zi wen ji 5 juan /</subfield><subfield code="r">(Nan chao, Liang) Xiao Tong zhuan</subfield><subfield code="g">Ming Jiajing 34 nian (1555) Zhou Man ke ben --</subfield><subfield code="t">Liang Zhaoming tai zi wen ji 5 juan /</subfield><subfield code="r">(Nan chao, Liang) Xiao Tong zhuan</subfield><subfield code="g">(Ming) Yang Shen jiao zhu</subfield><subfield code="g">Ming ke ben --</subfield><subfield code="t">Liang Zhaoming tai zi ji 5 juan /</subfield><subfield code="r">(Nan chao, Liang) Xiao Tong zhuan</subfield><subfield code="g">Ming mo ye shao tai ke "Xiao Liang wen yuan" ben --</subfield><subfield code="g">Di 79 ce.</subfield><subfield code="t">Liang Zhao ming tai zi liu lü liu lü wen qi 1 juan /</subfield><subfield code="r">(Nan chao, Liang) Xiao Tong zhuan, (Qing) Shi Xingjing zhu</subfield><subfield code="g">Qing Kangxi ke ben --</subfield><subfield code="t">Liang Zhaoming tai zi wen ji wu juan bu yi 1 juan /</subfield><subfield code="r">(Nan chao, Liang) Xiao Tong zhuan --</subfield><subfield code="t">Liang Zhaoming tai zi wen ji wu juan zha ji 1 juan /</subfield><subfield code="r">(Nan chao, Liang) Xiao Tong zhuan</subfield><subfield code="g">Minguo 8 nian (1919) gui chi liu shi heng ying song ke ben --</subfield><subfield code="t">Liang tao zhen bai xian sheng wen ji 2 juan /</subfield><subfield code="r">(Nan chao, Liang) tao hong jing zhuan (Ming) huang sheng ceng ji</subfield><subfield code="g">Ming Jiajing 31 nian (1552) Xiao si xin ke ben --</subfield><subfield code="g">Di 80 ce.</subfield><subfield code="t">Zhenbai xian sheng Tao Yinju wen ji 1 juan zhuan ji 1 juan /</subfield><subfield code="r">(Nan chao, Liang) Tao Hongjing zhuan</subfield><subfield code="g">Ming Jiajing shi chen ji chao ben --</subfield><subfield code="t">Tao Zhenbai ji 2 juan /</subfield><subfield code="r">(Nan chao, Liang) Tao Hongjing zhuan, (Ming) Wang Shixian ji, Fu Zengxiang jiao</subfield><subfield code="g">Ming Wanli 11 nian (1583) Xin'an Wang shi ke "Han wei liu chao er shi yi ming jia ji" ben --</subfield><subfield code="t">Huayang Tao Yinju ji 2 juan /</subfield><subfield code="r">(Nan chao, Liang) Tao Hongjing zhuan, (Ming) Fu Xiao ji</subfield><subfield code="g">Ming mo ji gu ge ke ben --</subfield><subfield code="t">Liu Xiaobiao ji 2 juan fu lu 1 juan /</subfield><subfield code="r">(Nan chao, Liang) Liu Jun zhuan, (Ming) Ruan Yuansheng ping</subfield><subfield code="g">Ming Chongzhen 6 nian (1633) ke "Liu Shen he ji" ben --</subfield><subfield code="t">Liu Mishu ji 1 juan /</subfield><subfield code="r">(Nan chao, Liang) Liu Xiaochuo zhuan, (Ming) Zhang Pu ji, (Qing) He Shaoji pi jiao</subfield><subfield code="g">Ming ke "Han Wei liu chao bai san ming jia ji" ben --</subfield><subfield code="t">Liu Yuzhang ji 1 juan /</subfield><subfield code="r">(Nan chao, Liang) Liu Qian zhuan, (Ming) Zhang Pu ji, (Qing) He Shaoji pi jiao</subfield><subfield code="g">Ming ke "Han Wei liu chao bai san ming jia ji" ben --</subfield><subfield code="t">Liu Shuzi ji 1 juan /</subfield><subfield code="r">(Nan chao, Liang) Liu Xiaowei zhuan, (Ming) Zhang Pu ji, (Qing) He Shaoji pi jiao</subfield><subfield code="g">Ming ke "Han Wei liu chao bai san ming jia ji" ben</subfield></datafield><datafield ind1="8" ind2="0" tag="505"><subfield code="6">880-05</subfield><subfield code="g">Di 81 ce.</subfield><subfield code="t">Liang Jianwendi yu zhi ji 16 juan fu lu 1 juan /</subfield><subfield code="r">(Nan chao, Liang) Xiao Gang zhuan, (Ming) Zhang Xie ji</subfield><subfield code="g">Ming ke "Qi shi er jia ji" ben --</subfield><subfield code="g">Di 82 ce.</subfield><subfield code="t">Liang Jianwendi yu zhi ji 2 juan /</subfield><subfield code="r">(Nan chao, Liang) Xiao Gang zhuan, (Ming) Zhang Pu ji, (Qing) He Shaoji pi jiao</subfield><subfield code="g">Ming ke "Han Wei liu chao bai san ming jia ji" ben --</subfield><subfield code="g">Di 83 ce.</subfield><subfield code="t">Yu Duzhi ji 1 juan /</subfield><subfield code="r">(Nan chao, Liang) Yu Jianwu zhuan, (Ming) Zhang Pu ji, (Qing) He Shaoji pi jiao</subfield><subfield code="g">Ming ke "Han Wei liu chao bai san ming jia ji" ben --</subfield><subfield code="t">Wang Zhanshi ji 1 juan /</subfield><subfield code="r">(Nan chao, Liang) Wang Jun zhuan, (Ming) Zhang Pu ji, (Qing) He Shaoji pi jiao</subfield><subfield code="g">Ming ke "Han Wei liu chao bai san ming jia ji" ben --</subfield><subfield code="t">Liang Yuandi yu zhi ji 10 juan fu lu 1 juan /</subfield><subfield code="r">(Nan chao, Liang) Xiao Yi zhuan, (Ming) Zhang xie ji</subfield><subfield code="g">Ming ke "Qi shi er jia ji" ben --</subfield><subfield code="g">Di 84 ce.--</subfield><subfield code="t">Liang Yuandi ji 1 juan /</subfield><subfield code="r">(Nan chao, Liang) Xiao Yi zhuan, (Ming) Zhang Pu ji, (Qing) He Shaoji pi jiao</subfield><subfield code="g">Ming ke "Han Wei liu chao bai san ming jia ji" ben --</subfield><subfield code="t">Gao Linggong ji 1 juan /</subfield><subfield code="r">(Bei Wei) Gao Yun zhuan, (Ming) Zhang Pu ji, (Qing) He Shaoji pi jiao</subfield><subfield code="g">Ming ke "Han Wei liu chao bai san ming jia ji" ben --</subfield><subfield code="t">Wen Shidu ji 1 juan /</subfield><subfield code="r">(Bei Wei) Wen Zisheng zhuan, (Ming) Zhang Pu ji, (Qing) He Shaoji pi jiao</subfield><subfield code="g">Ming ke "Han Wei liu chao bai san ming jia ji" ben --</subfield><subfield code="t">Xing Tejin ji 1 juan /</subfield><subfield code="r">(Bei Qi) Xing Shao zhuan, (Ming) Zhang Pu ji, (Qing) He Shaoji pi jiao</subfield><subfield code="g">Ming ke "Han Wei liu chao bai san ming jia ji" ben --</subfield><subfield code="t">Wei te jin ji 1 juan /</subfield><subfield code="r">(bei qi) wei shou zhuan, (Ming) Zhang Pu ji, (Qing) He Shaoji pi jiao</subfield><subfield code="g">Ming ke "Han Wei liu chao bai san ming jia ji" ben --</subfield><subfield code="g">Di 85 ce.</subfield><subfield code="t">Wang Sikong ji 1 juan /</subfield><subfield code="r">(Bei Zhou) Wang Bao zhuan, (Ming) Zhang Pu ji, (Qing) He Shaoji pi jiao</subfield><subfield code="g">Ming ke "Han Wei liu chao bai san ming jia ji" ben --</subfield><subfield code="t">Wang Sikong shi ji zhu bu fen juan /</subfield><subfield code="r">(Bei Zhou) Wang Bao zhuan, (Qing) Duan Chaoduan zhu</subfield><subfield code="g">Chu gao ben --</subfield><subfield code="g">Di 86 ce.</subfield><subfield code="t">Wang Sikong shi ji zhu bu fen juan /</subfield><subfield code="r">(Bei Zhou) Wang Bao zhuan (Qing) Duan Chaoduan zhu</subfield><subfield code="g">Er gao ben --</subfield><subfield code="g">Di 87 ce.</subfield><subfield code="t">Yu Kaifu shi ji si juan /</subfield><subfield code="r">(Bei Zhou) Yu Xin zhuan</subfield><subfield code="g">Ming Zhengde 16 nian (1521) Zhu Chengjue Cun yu tang ke ben --</subfield><subfield code="t">Yu Kaifu ji 2 juan /</subfield><subfield code="r">(Bei Zhou) Yu xin zhuan, (Qing) Huang Pilie jiao</subfield><subfield code="g">Ming Jiajing ke "Liu chao shi ji" ben --</subfield><subfield code="t">Yu Zishan ji 16 juan (juan 1-7) /</subfield><subfield code="r">(Bei Zhou) Yu Xin zhuan, (Ming) Tu Long ping</subfield><subfield code="g">Ming Tu Long ke "Xu Yu ji" ben --</subfield><subfield code="g">Di 88 ce.</subfield><subfield code="t">Yu Zishan ji 16 juan (juan 8-16) /</subfield><subfield code="r">(Bei Zhou) Yu Xin zhuan, (Ming) Tu Long ping</subfield><subfield code="g">Ming Tu Long ke "Xu yu ji" ben --</subfield><subfield code="t">Yu Kaifu shi ji 6 juan /</subfield><subfield code="r">(Bei Zhou) Yu Xin zhuan</subfield><subfield code="g">Ming Zhu Yuefan ke ben --</subfield><subfield code="g">Di 89-91 ce.</subfield><subfield code="t">Yu Zishan ji 16 juan nian pu 1 juan zong shi 1 juan /</subfield><subfield code="r">(Bei Zhou) Yu Xin zhuan, (Qing) Mi Fan zhu</subfield><subfield code="g">Qing Kangxi 26 nian (1687) Chong xiu tang ke ben --</subfield><subfield code="g">Di 92 ce.</subfield><subfield code="t">Yu Kaifu ji jian zhu 10 juan (juan 1-6) /</subfield><subfield code="r">(Bei Zhou) Yu Xin zhuan (Qing) Wu Zhaoyi jian zhu</subfield><subfield code="g">Qing ke ben --</subfield><subfield code="g">Di 93 ce.</subfield><subfield code="t">Yu Kaifu ji jian zhu 10 juan (juan 7-10) /</subfield><subfield code="r">(Bei Zhou) Yu Xin zhuan, (Qing) Wu Zhaoyi jian zhu</subfield><subfield code="g">Qing ke ben --</subfield><subfield code="t">Shen Shizhong ji 1 juan /</subfield><subfield code="r">(Nan chao, Chen) Shen Jiong zhuan, (Ming) Zhang Pu ji, (Qing) He Shaoji pi jiao</subfield><subfield code="g">Ming ke "Han Wei liu chao bai san ming jia ji" ben --</subfield><subfield code="t">Yin Changshi shi ji 1 juan /</subfield><subfield code="r">(Nan chao, Chen)Yin Keng zhuan, (Qing) Zhang Shu ji</subfield><subfield code="g">Qing Daoguang yuan nian (1821) Wuwei Zhang shi er you tang ke "Er you tang cong shu" ben --</subfield><subfield code="t">Yin Changshi shi ji 1 juan /</subfield><subfield code="r">(Nan chao, Chen)Yin Keng zhuan, Huang Jie jiao</subfield><subfield code="g">Minguo chao ben --</subfield><subfield code="g">Di 94 ce.</subfield><subfield code="t">Chen Houzhu ji 1 juan /</subfield><subfield code="r">(Nan chao, Chen)Chen Shubao zhuan, (Ming) Zhang Pu ji, (Qing) He Shaoji pi jiao</subfield><subfield code="g">Ming ke "Han Wei liu chao bai san ming jia ji" ben --</subfield><subfield code="t">Xu Xiaomu ji 7 juan /</subfield><subfield code="r">(Nan chao, Chen) Xu Ling zhuan</subfield><subfield code="g">Ming wen yi tang chao ben --</subfield><subfield code="t">Xu Xiaomu ji 10 juan /</subfield><subfield code="r">(Nan chao, Chen)Xu Ling zhuan, (Ming) Tu Long ping</subfield><subfield code="g">Ming tu long ke ben --</subfield><subfield code="g">Di 95 ce.</subfield><subfield code="t">Xu Xiaomu quan ji 6 juan bei kao 1 juan /</subfield><subfield code="r">(Nan chao, Chen)Xu Ling zhuan, (Qing) Wu Zhaoyi jian zhu, (Qing) Wang Qisun jiao</subfield><subfield code="g">Qing ke ben --</subfield><subfield code="t">Jiang Lingjun ji 1 juan /</subfield><subfield code="r">(Nan chao, Chen) Jiang Zong zhuan, (Ming) Zhang Pu ji, (Qing) He Shaoji pi jiao</subfield><subfield code="g">Ming ke "Han Wei liu chao bai san ming jia ji" ben --</subfield><subfield code="g">Di 96 ce.</subfield><subfield code="t">Lu Wuyang ji 1 juan /</subfield><subfield code="r">(Sui) Lu Sidao zhuan, (Ming) Zhang Pu ji, (Qing) He Shaoji pi jiao</subfield><subfield code="g">Ming ke "Han Wei liu chao bai san ming jia ji" ben --</subfield><subfield code="t">Sui Yangdi ji 1 juan /</subfield><subfield code="r">(Sui) Yang Guang zhuan, (Ming) Zhang Pu ji</subfield><subfield code="g">Ming ke "Han Wei liu chao bai san ming jia ji" ben --</subfield><subfield code="t">Xue Sili ji 1 juan /</subfield><subfield code="r">(Sui) Xue Daoheng zhuan, (Ming) Zhang Pu ji, (Qing) He Shaoji pi jiao</subfield><subfield code="g">Ming ke "Han Wei liu chao bai san ming jia ji" ben --</subfield><subfield code="t">Niu Qizhang ji 3 juan /</subfield><subfield code="r">(Sui) Niu Hong zhuan, (Ming) Zhang Pu ji, (Qing) He Shaoji pi jiao</subfield><subfield code="g">Ming ke "Han Wei liu chao bai san ming jia ji" ben --</subfield><subfield code="g">Di 97 ce.</subfield><subfield code="t">Wen xin diao long /</subfield><subfield code="r">(Nan chao, Liang) Liu Xie zhuan</subfield><subfield code="g">Dunhuang yi shu si 5478 hao can juan ben --</subfield><subfield code="t">Wen xin diao long /</subfield><subfield code="r">(Nan chao, Liang) Liu Xie zhuan</subfield><subfield code="g">Song ke "Tai ping yu lan" ben --</subfield><subfield code="t">Wen xin diao long 10 juan /</subfield><subfield code="r">(Nan chao, Liang) Liu Xie zhuan</subfield><subfield code="g">Yuan Zhizheng 15 nian (1355) ke ben --</subfield><subfield code="t">Wen xin diao long 10 juan /</subfield><subfield code="r">(Nan chao, Liang) Liu Xie zhuan, (Qing) Wu Yifeng deng jiao</subfield><subfield code="g">Ming Jiajing 19 nian (1540) Wang Yiyuan ke ben --</subfield><subfield code="g">Di 98 ce.</subfield><subfield code="t">Yang Shengan xian sheng pi dian Wen xin diao long 10 juan /</subfield><subfield code="r">(Nan chao, Liang) Liu Xie zhuan, (Ming) Yang Shen pi dian, (Ming) Mei Qingsheng yin zhu, Fu Zengxiang jiao</subfield><subfield code="g">Ming Wanli 37 nian (1609) Mei Qingsheng ke Tianqi 2 nian (1622) chong xiu ben --</subfield><subfield code="t">Wen xin diao long xun gu 10 juan (juan 1-4) /</subfield><subfield code="r">(Nan chao, Liang) Liu Xie zhuan, (Ming) Wang Weijian xun gu</subfield><subfield code="g">Ming Wanli 39 nian (1611) zi ke ben --</subfield><subfield code="g">Di 99 ce.</subfield><subfield code="t">Wen xin diao long xun gu 10 juan (juan 5-10) /</subfield><subfield code="r">(Nan chao, Liang) Liu Xie zhuan, (Ming) Wang Weijian xun gu</subfield><subfield code="g">Ming Wanli 39 nian (1611) zi ke ben --</subfield><subfield code="t">Liu Zi Wen xin diao long 2 juan zhu 2 juan (juan shang-xia) /</subfield><subfield code="r">(Nan chao, Liang) Liu Xie zhuan, (Ming) Yang Shen deng pi dian, (Ming) Mei Qingsheng zhu</subfield><subfield code="g">Ming Minsheng chu ke wu se tao yin ben --</subfield><subfield code="g">Di 100 ce.</subfield><subfield code="t">Liu Zi Wen xin diao long 2 juan zhu 2 juan (zhu juan shang-xia) /</subfield><subfield code="r">(Nan chao, Liang) Liu Xie zhuan, (Ming) Yang Shen deng pi dian, (Ming) Mei Qingsheng zhu</subfield><subfield code="g">Ming Minsheng chu ke wu se tao yin ben --</subfield><subfield code="t">Shi pin 1 juan /</subfield><subfield code="r">(Nan chao, Liang) Zhong Rong zhuan</subfield><subfield code="g">Yuan ke "Shan tang kao suo" ben --</subfield><subfield code="t">Shi pin 3 juan /</subfield><subfield code="r">(Nan chao, Liang) Zhong Rong zhuan</subfield><subfield code="g">Ming Zhengde yuan nian (1506) Tui Weng shu yuan chao ben --</subfield><subfield code="t">Zhong Rong shi pin 3 juan /</subfield><subfield code="r">(Nan chao, Liang) Zhong Rong zhuan</subfield><subfield code="g">Ming Shen shi Fan lu tang ke ben --</subfield><subfield code="t">Shi pin 3 juan /</subfield><subfield code="r">(Nan chao, Liang) Zhong Rong zhuan</subfield><subfield code="g">Riben Mingzhi 43 nian (1910) Qing mu song shan tang ke "Ying xue xuan cong shu" ben --</subfield><subfield code="t">Wen zhang yuan qi 1 juan ti /</subfield><subfield code="r">(Nan chao, Liang) Ren Fang zhuan, (Ming) Chen Maoren zhu</subfield><subfield code="g">Qing Kangxi 33 nian (1694) Fang shi You jing zhai ke ben --</subfield><subfield code="t">Wen zhang yuan qi zhu 1 juan, xu wen zhang yuan qi 1 juan /</subfield><subfield code="r">(Ming) Chen Maoren zhuan, (Qing) Wu Qian jiao</subfield><subfield code="g">Qing chao ben --</subfield><subfield code="t">Wen zhang yuan qi ding wu 1 juan, Wen zhang yuan qi bu 1 juan /</subfield><subfield code="r">(Qing) Qian Fangqi zhuan</subfield><subfield code="g">"De tian jue zhai cong shu" ben.</subfield></datafield><datafield ind1=" " ind2="0" tag="650"><subfield code="a">Chinese literature</subfield><subfield code="y">Qin and Han dynasties, 221 B.C.-220 A.D.</subfield></datafield><datafield ind1=" " ind2="0" tag="650"><subfield code="a">Chinese literature</subfield><subfield code="y">Three kingdoms, 220-265.</subfield></datafield><datafield ind1=" " ind2="0" tag="650"><subfield code="a">Chinese literature</subfield><subfield code="y">Jin dynasty, 265-419.</subfield></datafield><datafield ind1=" " ind2="0" tag="650"><subfield code="a">Chinese literature</subfield><subfield code="y">Northern and Southern dynasties, 386-589.</subfield></datafield><datafield ind1=" " ind2="0" tag="650"><subfield code="a">Chinese literature</subfield><subfield code="x">History and criticism</subfield><subfield code="v">Early works to 1800.</subfield></datafield><datafield ind1=" " ind2="6" tag="650"><subfield code="a">Littérature chinoise</subfield><subfield code="y">221 av. J.-C.-220 (Dynasties des Qin et des Han)</subfield></datafield><datafield ind1=" " ind2="6" tag="650"><subfield code="a">Littérature chinoise</subfield><subfield code="y">220-265 (Trois Royaumes)</subfield></datafield><datafield ind1=" " ind2="6" tag="650"><subfield code="a">Littérature chinoise</subfield><subfield code="y">265-419 (Dynastie des Jin)</subfield></datafield><datafield ind1=" " ind2="6" tag="650"><subfield code="a">Littérature chinoise</subfield><subfield code="x">Histoire et critique</subfield><subfield code="v">Ouvrages avant 1800.</subfield></datafield><datafield ind1=" " ind2="7" tag="650"><subfield code="a">Chinese literature.</subfield><subfield code="2">fast</subfield><subfield code="0">(OCoLC)fst00857595</subfield></datafield><datafield ind1=" " ind2="7" tag="650"><subfield code="a">Chinese literature</subfield><subfield code="x">Qin and Han dynasties.</subfield><subfield code="2">fast</subfield><subfield code="0">(OCoLC)fst01906863</subfield></datafield><datafield ind1=" " ind2="7" tag="650"><subfield code="a">Chinese literature</subfield><subfield code="x">Three kingdoms.</subfield><subfield code="2">fast</subfield><subfield code="0">(OCoLC)fst01906865</subfield></datafield><datafield ind1=" " ind2="7" tag="650"><subfield code="a">Jin Dynasty (China : 265-419)</subfield><subfield code="2">fast</subfield><subfield code="0">(OCoLC)fst01696749</subfield></datafield><datafield ind1=" " ind2="7" tag="650"><subfield code="a">Northern and Southern Dynasties (China)</subfield><subfield code="2">fast</subfield><subfield code="0">(OCoLC)fst01712460</subfield></datafield><datafield ind1=" " ind2="7" tag="648"><subfield code="a">221 B.C.-589 A.D.</subfield><subfield code="2">fast</subfield></datafield><datafield ind1=" " ind2="7" tag="655"><subfield code="a">Criticism, interpretation, etc.</subfield><subfield code="2">fast</subfield><subfield code="0">(OCoLC)fst01411635</subfield></datafield><datafield ind1=" " ind2="7" tag="655"><subfield code="a">Early works.</subfield><subfield code="2">fast</subfield><subfield code="0">(OCoLC)fst01411636</subfield></datafield><datafield ind1="1" ind2=" " tag="700"><subfield code="6">880-06</subfield><subfield code="a">Liu, Yuejin,</subfield><subfield code="d">1958-</subfield><subfield code="e">editor.</subfield><subfield code="1">https://id.oclc.org/worldcat/entity/E39PCjFdWtvxHW4Vf79qJJtGRC</subfield></datafield><datafield ind1="2" ind2=" " tag="710"><subfield code="6">880-07</subfield><subfield code="a">Guo jia tu shu guan chu ban she,</subfield><subfield code="e">publisher.</subfield></datafield><datafield ind1="4" ind2="1" tag="856"><subfield code="3">Table of contents</subfield><subfield code="u">https://book.douban.com/subject/34908579/</subfield></datafield><datafield ind1="0" ind2="0" tag="880"><subfield code="6">245-01/$1</subfield><subfield code="a">汉魏六朝集部珍本丛刊.</subfield><subfield code="p">集部 /</subfield><subfield code="c">刘跃进主编.</subfield></datafield><datafield ind1=" " ind2=" " tag="880"><subfield code="6">250-02/$1</subfield><subfield code="a">第1版.</subfield></datafield><datafield ind1=" " ind2="1" tag="880"><subfield code="6">264-03/$1</subfield><subfield code="a">北京 :</subfield><subfield code="b">國家圖書館出版社,</subfield><subfield code="c">2019年12月.</subfield></datafield><datafield ind1="8" ind2="0" tag="880"><subfield code="6">505-04/$1</subfield><subfield code="g">第61册.</subfield><subfield code="t">陶靖節先生集10卷存四卷附年譜1卷 (卷1-4, 年譜) /</subfield><subfield code="r">(晉) 陶潛 撰, (宋) 吴仁傑 撰</subfield><subfield code="g">宋刻遞修本 --</subfield><subfield code="t">箋注陶淵明集10卷總論1卷 /</subfield><subfield code="r">(晉) 陶潛 撰, (元) 李公煥 輯箋</subfield><subfield code="g">元刻本</subfield><subfield code="g">第62册.</subfield><subfield code="t">陶詩集注4卷附東坡和陶詩1卷 /</subfield><subfield code="r">(清) 詹夔錫 撰, (宋) 蘇軾 撰, (清) 管庭芬録, (清) 何焯, (清) 查慎行 批</subfield><subfield code="g">清康熙33年(1694) 詹氏寶墨堂刻本 --</subfield><subfield code="t">陶詩彙注4卷首1卷末1卷論陶1卷 /</subfield><subfield code="r">(清) 吴瞻泰 輯, (清) 吴菘 撰, (清) 鄭午生録, (清) 錢陸燦等 批校</subfield><subfield code="g">清康熙44年(1705) 程崟刻本</subfield><subfield code="g">第63册.</subfield><subfield code="t">陶靖節集4卷 /</subfield><subfield code="r">(晉) 陶潛 撰, (清) 卓爾堪 編(清) 梅植之批點</subfield><subfield code="g">清康熙《合刻曹陶謝三家詩》刻本</subfield><subfield code="t">陶詩本義4卷 /</subfield><subfield code="r">(晉) 陶潛 撰, (清) 馬璞 輯注</subfield><subfield code="g">清乾隆35年(1770) 吴肇元與善堂刻本</subfield><subfield code="t">陶詩編年1卷 /</subfield><subfield code="r">(清) 陳澧 撰</subfield><subfield code="g">清鈔本</subfield><subfield code="g">第64册.</subfield><subfield code="t">靖節先生集10卷首1卷年譜考異2卷 /</subfield><subfield code="r">(晉) 陶潛 撰, (清) 陶澍 集注, (清) 莫友芝校</subfield><subfield code="g">清道光25年(1845) 惜陰書舍刻本</subfield><subfield code="g">第65册.</subfield><subfield code="t">支道林集1卷 /</subfield><subfield code="r">(晉) 釋支遁 撰</subfield><subfield code="g">明嘉靖19年(1540) 皇甫涍刻本 --</subfield><subfield code="t">支道林集1卷外集1卷 /</subfield><subfield code="r">(晉) 釋支遁 撰, (明) 皇甫涍 編, (明) 史玄輯</subfield><subfield code="g">明末吴家騆刻本 --</subfield><subfield code="t">支遁集2卷補遺1卷 /</subfield><subfield code="r">(晉) 釋支遁 撰, (清) 蔣清翊 輯</subfield><subfield code="g">清光緒10年(1884) 刻《邵武徐氏叢書》本 --</subfield><subfield code="t">宋傅光禄集1卷 /</subfield><subfield code="r">(南朝宋) 傅亮 撰, (明) 張溥 輯, (清) 傅以禮批校</subfield><subfield code="g">明刻《漢魏六朝百三名家集》本 --</subfield><subfield code="t">宋傅光禄集1卷 /</subfield><subfield code="r">(南朝宋) 傅亮 撰, (明) 張溥 輯, (清) 何紹基批校</subfield><subfield code="g">明刻《漢魏六朝百三名家集》本 --</subfield><subfield code="t">謝靈運詩集2卷 /</subfield><subfield code="r">(南朝宋) 謝靈運 撰, (明) 黄省曾 輯</subfield><subfield code="g">明嘉靖黄省曾刻本 --</subfield><subfield code="t">謝靈運詩2卷 /</subfield><subfield code="r">(南朝宋) 謝靈運 撰</subfield><subfield code="g">明遼藩朱寵瀼梅南書屋刻《三謝詩集》本</subfield><subfield code="g">第66册.</subfield><subfield code="t">謝康樂集4卷 /</subfield><subfield code="r">(南朝宋) 謝靈運 撰, (明) 沈啓原 輯</subfield><subfield code="g">明萬曆11年(1583) 沈啓原刻本 --</subfield><subfield code="t">謝康樂集2卷 /</subfield><subfield code="r">(南朝宋) 謝靈運 撰, (清) 卓爾堪 編, (清) 梅植之批校</subfield><subfield code="g">清康熙間刻《合刻曹陶謝三家詩》本 --</subfield><subfield code="t">謝惠連詩1卷 /</subfield><subfield code="r">(南朝宋) 謝惠連 撰</subfield><subfield code="g">明遼藩朱寵瀼梅南書屋刻《三謝詩集》本 --</subfield><subfield code="t">謝法曹集1卷 /</subfield><subfield code="r">(南朝宋) 謝惠連 撰, (明) 張溥 輯, (清) 何紹基批校</subfield><subfield code="g">明刻《漢魏六朝百三名家集》本 --</subfield><subfield code="t">宋何衡陽集1卷 /</subfield><subfield code="r">(南朝宋) 何承天 撰, (明) 張溥 輯, (清) 何紹基批校</subfield><subfield code="g">明刻《漢魏六朝百三名家集》本</subfield><subfield code="g">第67册.</subfield><subfield code="t">宋袁陽源集1卷 /</subfield><subfield code="r">(南朝宋) 袁淑 撰, (明) 張溥 輯, (清) 何紹基批校</subfield><subfield code="g">明刻《漢魏六朝百三名家集》本 --</subfield><subfield code="t">顔光禄集3卷 /</subfield><subfield code="r">(南朝宋) 顔延之 撰, (明) 顔欲章 編</subfield><subfield code="g">明萬曆36年(1608) 《顔氏傳書》本 --</subfield><subfield code="t">謝光禄集1卷 /</subfield><subfield code="r">(南朝宋) 謝莊 撰, (明) 張溥 輯, (清) 何紹基批校</subfield><subfield code="g">明刻《漢魏六朝百三名家集》本 --</subfield><subfield code="t">鮑氏集10卷 /</subfield><subfield code="r">(南朝宋) 鮑照 撰</subfield><subfield code="g">清初毛氏汲古閣影宋鈔本</subfield><subfield code="g">第68册.</subfield><subfield code="t">鮑氏集10卷 /</subfield><subfield code="r">(南朝宋) 鮑照 撰, (清) 毛扆 校</subfield><subfield code="g">明正德5年(1510) 朱應登刻本 --</subfield><subfield code="t">王文憲集1卷 /</subfield><subfield code="r">(南朝齊) 王儉 撰, (明) 張溥 輯, (清) 何紹基批校</subfield><subfield code="g">明刻《漢魏六朝百三名家集》本 --</subfield><subfield code="t">南齊竟陵王集2卷 /</subfield><subfield code="r">(南朝齊) 蕭子良 撰, (明) 張溥 輯, (清) 何紹基批校</subfield><subfield code="g">明刻《漢魏六朝百三名家集》本</subfield><subfield code="g">第69册.</subfield><subfield code="t">王寧朔集1卷 /</subfield><subfield code="r">(南朝齊) 王融 撰, (明) 張溥 輯, (清) 何紹基批校</subfield><subfield code="g">明刻《漢魏六朝百三名家集》本 --</subfield><subfield code="t">南齊孔詹事集1卷 /</subfield><subfield code="r">(南朝齊) 孔稚珪 撰, (明) 張溥 輯, (清) 何紹基批校</subfield><subfield code="g">明刻《漢魏六朝百三名家集》本 --</subfield><subfield code="t">齊張長史集1卷 /</subfield><subfield code="r">(南朝齊) 張融 撰, (明) 張溥 輯, (清) 何紹基批校</subfield><subfield code="g">明刻《漢魏六朝百三名家集》本 --</subfield><subfield code="t">謝朓集5卷 /</subfield><subfield code="r">(南朝齊) 謝朓 撰</subfield><subfield code="g">明正德6年(1511) 劉紹刻本 --</subfield><subfield code="t">謝朓詩5卷 /</subfield><subfield code="r">(南朝齊) 謝朓 撰</subfield><subfield code="g">明遼藩朱寵瀼梅南書屋刻《三謝詩集》本</subfield><subfield code="g">第70册.</subfield><subfield code="t">謝宣城詩集5卷 /</subfield><subfield code="r">(南朝齊) 謝朓 撰</subfield><subfield code="g">明毛氏汲古閣影宋鈔本 --</subfield><subfield code="t">梁武帝御製集12卷附録一卷(卷1-10) /</subfield><subfield code="r">(南朝梁) 蕭衍 撰, (明) 張燮 輯</subfield><subfield code="g">明刻《七十二家集》本</subfield><subfield code="g">第71册.</subfield><subfield code="t">梁武帝御製集12卷附録一卷(卷11-附録) /</subfield><subfield code="r">(南朝梁) 蕭衍 撰, (明) 張燮 輯</subfield><subfield code="g">明刻《七十二家集》本 --</subfield><subfield code="t">梁武帝御製集1卷 /</subfield><subfield code="r">(南朝梁) 蕭衍 撰, (明) 張溥 輯, (清) 何紹基批校</subfield><subfield code="g">明刻《漢魏六朝百三名家集》本</subfield><subfield code="g">第72册.</subfield><subfield code="t">梁江文通集10卷 /</subfield><subfield code="r">(南朝梁) 江淹 撰, (明) 胡之驥 注</subfield><subfield code="g">明萬曆26年(1598) 刻本</subfield><subfield code="g">第73册.</subfield><subfield code="t">江光禄集10卷集遺1卷 /</subfield><subfield code="r">(南朝梁) 江淹 撰</subfield><subfield code="g">明萬曆梅鼎祚玄白堂刻本 --</subfield><subfield code="t">梁江文通文集10卷 /</subfield><subfield code="r">(南朝梁) 江淹 撰, (明) 馮舒 校</subfield><subfield code="g">明刻本</subfield><subfield code="g">第74册.</subfield><subfield code="t">梁江文通文集10卷 /</subfield><subfield code="r">(南朝梁) 江淹 撰</subfield><subfield code="g">明鈔本 --</subfield><subfield code="t">任中丞集1卷 /</subfield><subfield code="r">(南朝梁) 任昉 撰, (明) 張溥 輯, (清) 何紹基批校</subfield><subfield code="g">明刻《漢魏六朝百三名家集》本 --</subfield><subfield code="t">任彦昇集6卷 /</subfield><subfield code="r">(南朝梁) 任昉 撰, (明) 汪士賢 輯, (明) 吕兆禧校</subfield><subfield code="g">明萬曆11年(1583) 新安汪氏刻《漢魏六朝二十一名家集》本</subfield><subfield code="g">第75册.</subfield><subfield code="t">梁丘司空集1卷 /</subfield><subfield code="r">(南朝梁) 丘遲 撰, (明) 張溥 輯, (清) 何紹基批校</subfield><subfield code="g">明刻《漢魏六朝百三名家集》本 --</subfield><subfield code="t">沈隱侯集4卷 /</subfield><subfield code="r">(南朝梁) 沈約 撰</subfield><subfield code="g">明萬曆13年(1585) 沈啓原刻本</subfield><subfield code="g">第76册.</subfield><subfield code="t">沈隱侯集16卷 /</subfield><subfield code="r">(南朝梁) 沈約 撰, (明) 阮元聲 評點</subfield><subfield code="g">明崇禎6年(1633) 刻《劉沈合集》本</subfield><subfield code="g">第77册.</subfield><subfield code="t">何水部詩集1卷 /</subfield><subfield code="r">(南朝梁) 何遜 撰</subfield><subfield code="g">明正德12年(1517) 張紘刻本 --</subfield><subfield code="t">何記室集3卷 /</subfield><subfield code="r">(南朝梁) 何遜 撰, (明) 張燮 輯, 傅增湘 校</subfield><subfield code="g">明刻《七十二家集》本 --</subfield><subfield code="t">何水部集1卷 /</subfield><subfield code="r">(南朝梁) 何遜 撰, (明) 張溥 輯</subfield><subfield code="g">明刻《漢魏六朝百三名家集》本 --</subfield><subfield code="t">何水部詩集3卷 /</subfield><subfield code="r">(南朝梁) 何遜 撰, 黄節 校</subfield><subfield code="g">民國鈔本 --</subfield><subfield code="t">吴朝請集1卷 /</subfield><subfield code="r">(南朝梁) 吴均 撰, (明) 張溥 輯, (清) 何紹基批校</subfield><subfield code="g">明刻《漢魏六朝百三名家集》本 --</subfield><subfield code="t">王左丞集1卷 /</subfield><subfield code="r">(南朝梁) 王僧孺 撰, (明) 張溥 輯, (清) 何紹基批校</subfield><subfield code="g">明刻《漢魏六朝百三名家集》本</subfield><subfield code="g">第78册.</subfield><subfield code="t">陸太常集1卷 /</subfield><subfield code="r">(南朝梁) 陸倕 撰, (明) 張溥 輯, (清) 何紹基批校</subfield><subfield code="g">明刻《漢魏六朝百三名家集》本 --</subfield><subfield code="t">梁昭明太子文集5卷 /</subfield><subfield code="r">(南朝梁) 蕭統 撰</subfield><subfield code="g">明嘉靖34年(1555) 周滿刻本 --</subfield><subfield code="t">梁昭明太子文集5卷 /</subfield><subfield code="r">(南朝梁) 蕭統 撰</subfield><subfield code="g">(明) 楊慎 校注</subfield><subfield code="g">明刻本 --</subfield><subfield code="t">梁昭明太子集5卷 /</subfield><subfield code="r">(南朝梁) 蕭統 撰</subfield><subfield code="g">明末葉紹泰刻《蕭梁文苑》本</subfield><subfield code="g">第79册.</subfield><subfield code="t">梁昭明太子六律六呂文啓1卷 /</subfield><subfield code="r">(南朝梁) 蕭統 撰, (清) 釋行景 注</subfield><subfield code="g">清康熙刻本 --</subfield><subfield code="t">梁昭明太子文集五卷補遺1卷 /</subfield><subfield code="r">(南朝梁) 蕭統 撰 --</subfield><subfield code="t">梁昭明太子文集五卷札記1卷 /</subfield><subfield code="r">(南朝梁) 蕭統 撰</subfield><subfield code="g">民國8年(1919) 貴池劉世珩影宋刻本 --</subfield><subfield code="t">梁陶貞白先生文集2卷 /</subfield><subfield code="r">(南朝梁) 陶弘景 撰, (明) 黄省曾 輯</subfield><subfield code="g">明嘉靖31年(1552) 蕭斯馨刻本</subfield><subfield code="g">第80册.</subfield><subfield code="t">貞白先生陶隱居文集1卷傳記1卷 /</subfield><subfield code="r">(南朝梁) 陶弘景 撰</subfield><subfield code="g">明嘉靖史臣紀鈔本 --</subfield><subfield code="t">陶貞白集2卷 /</subfield><subfield code="r">(南朝梁) 陶弘景 撰, (明) 汪士賢 輯傅增湘校</subfield><subfield code="g">明萬曆11年(1583) 新安汪氏刻《漢魏六朝二十一名家集》本 --</subfield><subfield code="t">華陽陶隱居集2卷 /</subfield><subfield code="r">(南朝梁) 陶弘景 撰, (明) 傅霄 輯</subfield><subfield code="g">明末汲古閣刻本 --</subfield><subfield code="t">劉孝標集2卷附録1卷 /</subfield><subfield code="r">(南朝梁) 劉峻 撰, (明) 阮元聲 評</subfield><subfield code="g">明崇禎6年(1633) 刻《劉沈合集》本 --</subfield><subfield code="t">劉秘書集1卷 /</subfield><subfield code="r">(南朝梁) 劉孝綽 撰, (明) 張溥 輯, (清) 何紹基批校</subfield><subfield code="g">明刻《漢魏六朝百三名家集》本 --</subfield><subfield code="t">劉豫章集1卷 /</subfield><subfield code="r">(南朝梁) 劉潛 撰, (明) 張溥 輯, (清) 何紹基批校</subfield><subfield code="g">明刻《漢魏六朝百三名家集》本 --</subfield><subfield code="t">劉庶子集1卷 /</subfield><subfield code="r">(南朝梁) 劉孝威 撰, (明) 張溥 輯, (清) 何紹基批校</subfield><subfield code="g">明刻《漢魏六朝百三名家集》本</subfield></datafield><datafield ind1="8" ind2="0" tag="880"><subfield code="6">505-05/$1</subfield><subfield code="g">第81册.</subfield><subfield code="t">梁簡文帝御製集16卷附録1卷 /</subfield><subfield code="r">(南朝梁) 蕭綱 撰, (明) 張燮 輯</subfield><subfield code="g">明刻《七十二家集》本</subfield><subfield code="g">第82册.</subfield><subfield code="t">梁簡文帝御製集2卷 /</subfield><subfield code="r">(南朝梁) 蕭綱 撰, (明) 張溥 輯, (清) 何紹基批校</subfield><subfield code="g">明刻《漢魏六朝百三名家集》本</subfield><subfield code="g">第83册.</subfield><subfield code="t">庾度支集1卷 /</subfield><subfield code="r">(南朝梁) 庾肩吾 撰, (明) 張溥 輯, (清) 何紹基批校</subfield><subfield code="g">明刻《漢魏六朝百三名家集》本 --</subfield><subfield code="t">王詹事集1卷 /</subfield><subfield code="r">(南朝梁) 王筠 撰, (明) 張溥 輯, (清) 何紹基批校</subfield><subfield code="g">明刻《漢魏六朝百三名家集》本 --</subfield><subfield code="t">梁元帝御製集10卷附録1卷 /</subfield><subfield code="r">(南朝梁) 蕭繹 撰, (明) 張燮 輯</subfield><subfield code="g">明刻《七十二家集》本</subfield><subfield code="g">第84册.--</subfield><subfield code="t">梁元帝集1卷 /</subfield><subfield code="r">(南朝梁) 蕭繹 撰, (明) 張溥 輯, (清) 何紹基批校</subfield><subfield code="g">明刻《漢魏六朝百三名家集》本 --</subfield><subfield code="t">高令公集1卷 /</subfield><subfield code="r">(北魏) 高允 撰, (明) 張溥 輯, (清) 何紹基批校</subfield><subfield code="g">明刻《漢魏六朝百三名家集》本 --</subfield><subfield code="t">温侍讀集1卷 /</subfield><subfield code="r">(北魏) 温子昇 撰, (明) 張溥 輯, (清) 何紹基批校</subfield><subfield code="g">明刻《漢魏六朝百三名家集》本 --</subfield><subfield code="t">邢特進集1卷 /</subfield><subfield code="r">(北齊) 邢邵 撰, (明) 張溥 輯, (清) 何紹基批校</subfield><subfield code="g">明刻《漢魏六朝百三名家集》本 --</subfield><subfield code="t">魏特進集1卷 /</subfield><subfield code="r">(北齊) 魏收 撰, (明) 張溥 輯, (清) 何紹基批校</subfield><subfield code="g">明刻《漢魏六朝百三名家集》本</subfield><subfield code="g">第85册.</subfield><subfield code="t">王司空集1卷 /</subfield><subfield code="r">(北周) 王褒 撰, (明) 張溥 輯, (清) 何紹基批校</subfield><subfield code="g">明刻《漢魏六朝百三名家集》本 --</subfield><subfield code="t">王司空詩集注不分卷 /</subfield><subfield code="r">(北周) 王褒 撰, (清) 段朝端 注</subfield><subfield code="g">初稿本</subfield><subfield code="g">第86册.</subfield><subfield code="t">王司空詩集注不分卷 /</subfield><subfield code="r">(北周) 王褒 撰, (清) 段朝端 注</subfield><subfield code="g">二稿本</subfield><subfield code="g">第87册.</subfield><subfield code="t">庾開府詩集四卷 /</subfield><subfield code="r">(北周) 庾信 撰</subfield><subfield code="g">明正德16年(1521) 朱承爵存餘堂刻本 --</subfield><subfield code="t">庾開府集2卷 /</subfield><subfield code="r">(北周) 庾信 撰, (清) 黄丕烈 校</subfield><subfield code="g">明嘉靖刻《六朝詩集》本 --</subfield><subfield code="t">庾子山集16卷(卷1-7) /</subfield><subfield code="r">(北周) 庾信 撰, (明) 屠隆 評</subfield><subfield code="g">明屠隆刻《徐庾集》本</subfield><subfield code="g">第88册.</subfield><subfield code="t">庾子山集16卷(卷8-16) /</subfield><subfield code="r">(北周) 庾信 撰, (明) 屠隆 評</subfield><subfield code="g">明屠隆刻《徐庾集》本 --</subfield><subfield code="t">庾開府詩集6卷 /</subfield><subfield code="r">(北周) 庾信 撰</subfield><subfield code="g">明朱曰藩刻本</subfield><subfield code="g">第89-91册.</subfield><subfield code="t">庾子山集16卷年譜1卷總釋1卷 /</subfield><subfield code="r">(北周) 庾信 撰, (清) 倪璠 注</subfield><subfield code="g">清康熙26年(1687) 崇岫堂刻本</subfield><subfield code="g">第92册.</subfield><subfield code="t">庾開府集箋注10卷(卷1-6) /</subfield><subfield code="r">(北周) 庾信 撰, (清) 吴兆宜 箋注</subfield><subfield code="g">清刻本</subfield><subfield code="g">第93册.</subfield><subfield code="t">庾開府集箋注10卷 (卷7-10) /</subfield><subfield code="r">(北周) 庾信 撰, (清) 吴兆宜 箋注</subfield><subfield code="g">清刻本 --</subfield><subfield code="t">沈侍中集1卷 /</subfield><subfield code="r">(南朝陳) 沈炯 撰, (明) 張溥 輯, (清) 何紹基批校</subfield><subfield code="g">明刻《漢魏六朝百三名家集》本 --</subfield><subfield code="t">陰常侍詩集1卷 /</subfield><subfield code="r">(南朝陳) 陰鏗 撰, (清) 張澍 輯</subfield><subfield code="g">清道光元年(1821) 武威張氏二酉堂刻《二酉堂叢書》本 --</subfield><subfield code="t">陰常侍詩集1卷 /</subfield><subfield code="r">(南朝陳) 陰鏗 撰黄節 校</subfield><subfield code="g">民國鈔本</subfield><subfield code="g">第94册.</subfield><subfield code="t">陳後主集1卷 /</subfield><subfield code="r">(南朝陳) 陳叔寶 撰, (明) 張溥 輯, (清) 何紹基批校</subfield><subfield code="g">明刻《漢魏六朝百三名家集》本 --</subfield><subfield code="t">徐孝穆集7卷 /</subfield><subfield code="r">(南朝陳) 徐陵 撰</subfield><subfield code="g">明文漪堂鈔本 --</subfield><subfield code="t">徐孝穆集10卷 /</subfield><subfield code="r">(南朝陳) 徐陵 撰, (明) 屠隆 評</subfield><subfield code="g">明屠隆刻本</subfield><subfield code="g">第95册.</subfield><subfield code="t">徐孝穆全集6卷備考1卷 /</subfield><subfield code="r">(南朝陳) 徐陵 撰, (清) 吴兆宜 箋注(清) 王芑孫校</subfield><subfield code="g">清刻本 --</subfield><subfield code="t">江令君集1卷 /</subfield><subfield code="r">(南朝陳) 江總 撰, (明) 張溥 輯, (清) 何紹基 批校</subfield><subfield code="g">明刻《漢魏六朝百三名家集》本</subfield><subfield code="g">第96册.</subfield><subfield code="t">盧武陽集1卷 /</subfield><subfield code="r">(隋) 盧思道 撰, (明) 張溥 輯, (清) 何紹基批校</subfield><subfield code="g">明刻《漢魏六朝百三名家集》本 --</subfield><subfield code="t">隋煬帝集1卷 /</subfield><subfield code="r">(隋) 楊廣 撰, (明) 張溥 輯</subfield><subfield code="g">明刻《漢魏六朝百三名家集》本 --</subfield><subfield code="t">薛司隸集1卷 /</subfield><subfield code="r">(隋) 薛道衡 撰, (明) 張溥 輯, (清) 何紹基批校</subfield><subfield code="g">明刻《漢魏六朝百三名家集》本 --</subfield><subfield code="t">牛奇章集3卷 /</subfield><subfield code="r">(隋) 牛弘 撰, (明) 張溥 輯, (清) 何紹基 批校</subfield><subfield code="g">明刻《漢魏六朝百三名家集》本</subfield><subfield code="g">第97册.</subfield><subfield code="t">文心雕龍 /</subfield><subfield code="r">(南朝梁) 劉勰 撰</subfield><subfield code="g">敦煌遺書斯·5478號殘卷本 --</subfield><subfield code="t">文心雕龍 /</subfield><subfield code="r">(南朝梁) 劉勰 撰</subfield><subfield code="g">宋刻《太平御覽》本 --</subfield><subfield code="t">文心雕龍10卷 /</subfield><subfield code="r">(南朝梁) 劉勰 撰</subfield><subfield code="g">元至正15年(1355) 刻本 --</subfield><subfield code="t">文心雕龍10卷 /</subfield><subfield code="r">(南朝梁) 劉勰 撰, (清) 吴翌鳳等 校</subfield><subfield code="g">明嘉靖19年(1540) 汪一元刻本</subfield><subfield code="g">第98册.</subfield><subfield code="t">楊升庵先生批點文心雕龍10卷 /</subfield><subfield code="r">(南朝梁) 劉勰 撰, (明) 楊慎 批點, (明) 梅慶生 音注, 傅增湘 校</subfield><subfield code="g">明萬曆37年(1609) 梅慶生刻天啓2年(1622) 重修本 --</subfield><subfield code="t">文心雕龍訓故10卷(卷1-4) /</subfield><subfield code="r">(南朝梁) 劉勰 撰, (明) 王惟儉 訓故</subfield><subfield code="g">明萬曆39年(1611) 自刻本</subfield><subfield code="g">第99册.</subfield><subfield code="t">文心雕龍訓故10卷(卷5-10) /</subfield><subfield code="r">(南朝梁) 劉勰 撰, (明) 王惟儉 訓故</subfield><subfield code="g">明萬曆39年(1611) 自刻本 --</subfield><subfield code="t">劉子文心雕龍2卷注2卷(卷上-下) /</subfield><subfield code="r">(南朝梁) 劉勰 撰, (明) 楊慎等 批點(明) 梅慶生注</subfield><subfield code="g">明閔繩初刻五色套印本</subfield><subfield code="g">第100册.</subfield><subfield code="t">劉子文心雕龍2卷注2卷(注卷上-下) /</subfield><subfield code="r">(南朝梁) 劉勰 撰, (明) 楊慎等 批點, (明) 梅慶生注</subfield><subfield code="g">明閔繩初刻五色套印本 --</subfield><subfield code="t">詩品1卷 /</subfield><subfield code="r">(南朝梁) 鍾嶸 撰</subfield><subfield code="g">元刻《山堂考索》本 --</subfield><subfield code="t">詩品3卷 /</subfield><subfield code="r">(南朝梁) 鍾嶸 撰</subfield><subfield code="g">明正德元年(1506) 退翁書院鈔本 --</subfield><subfield code="t">鍾嶸詩品3卷 /</subfield><subfield code="r">(南朝梁) 鍾嶸 撰</subfield><subfield code="g">明沈氏繁露堂刻本 --</subfield><subfield code="t">詩品3卷 /</subfield><subfield code="r">(南朝梁) 鍾嶸 撰</subfield><subfield code="g">日本明治43年(1910) 青木嵩山堂刻《螢雪軒叢書》本 --</subfield><subfield code="t">文章緣起1卷 題 /</subfield><subfield code="r">(南朝梁) 任昉 撰, (明) 陳懋仁 注</subfield><subfield code="g">清康熙33年(1694) 方氏侑静齋刻本 --</subfield><subfield code="t">文章緣起注1卷續文章緣起1卷 /</subfield><subfield code="r">(明) 陳懋仁 撰, (清) 吴騫 校</subfield><subfield code="g">清鈔本 --</subfield><subfield code="t">文章緣起訂誤1卷, 文章緣起補1卷 /</subfield><subfield code="r">(清) 錢方琦 撰</subfield><subfield code="g">《得天爵齋叢書》本.</subfield></datafield><datafield ind1="1" ind2=" " tag="880"><subfield code="6">700-06/$1</subfield><subfield code="a">刘跃进,</subfield><subfield code="d">1958-</subfield><subfield code="e">editor.</subfield></datafield><datafield ind1="2" ind2=" " tag="880"><subfield code="6">710-07/$1</subfield><subfield code="a">國家圖書館出版社,</subfield><subfield code="e">publisher.</subfield></datafield><datafield ind1=" " ind2=" " tag="880"><subfield code="6">758-00</subfield><subfield code="i">has work:</subfield><subfield code="a">汉魏六朝集部珍本丛刊 集部 (Text)</subfield><subfield code="1">https://id.oclc.org/worldcat/entity/E39PCGYTFMWVmpvTWC4jYkQYmq</subfield><subfield code="4">https://id.oclc.org/worldcat/ontology/hasWork</subfield></datafield></record>