<record><leader>00000cac a2200000Mi 4500</leader><controlfield tag="001">on1340468037</controlfield><controlfield tag="003">OCoLC</controlfield><controlfield tag="005">20231213210205.5</controlfield><controlfield tag="008">161031i19301964cc a   j      000 0 chi d</controlfield><datafield ind1=" " ind2=" " tag="040"><subfield code="a">PUL</subfield><subfield code="b">eng</subfield><subfield code="e">rda</subfield><subfield code="c">PUL</subfield><subfield code="d">OCLCF</subfield><subfield code="d">OCLCO</subfield><subfield code="d">OCLCL</subfield></datafield><datafield ind1=" " ind2=" " tag="066"><subfield code="c">$1</subfield></datafield><datafield ind1=" " ind2=" " tag="035"><subfield code="a">(OCoLC)1340468037</subfield></datafield><datafield ind1="0" ind2="0" tag="245"><subfield code="6">880-01</subfield><subfield code="a">[Natural history textbooks and publications in Chinese Communist-controlled areas during the 1940s]</subfield><subfield code="g">bulk (1940-1951).</subfield></datafield><datafield ind1=" " ind2="1" tag="264"><subfield code="a">[China] :</subfield><subfield code="b">[publisher not identified],</subfield><subfield code="c">1930-1964.</subfield></datafield><datafield ind1=" " ind2=" " tag="300"><subfield code="a">59 volumes :</subfield><subfield code="b">illustrations</subfield></datafield><datafield ind1=" " ind2=" " tag="336"><subfield code="a">text</subfield><subfield code="2">rdacontent</subfield></datafield><datafield ind1=" " ind2=" " tag="337"><subfield code="a">unmediated</subfield><subfield code="2">rdamedia</subfield></datafield><datafield ind1=" " ind2=" " tag="338"><subfield code="a">volume</subfield><subfield code="2">rdacarrier</subfield></datafield><datafield ind1=" " ind2=" " tag="500"><subfield code="a">Includes elementary natural history textbooks that covers biology, zoology, and human physiology; children's literature, comic books, pictorial works; writings on education.</subfield></datafield><datafield ind1="0" ind2="0" tag="505"><subfield code="6">880-02</subfield><subfield code="g">I. Natural history textbooks during the 1940s:</subfield><subfield code="t">Gao ji zi ran ke ben</subfield><subfield code="g">(1947. Vol. 1-3 : illustrations. Vol. 1 has 4 copies, vol. 2 has 3 copies, vol. 3 has 2 copies) /</subfield><subfield code="r">Peng Qingzhao ; Jin Ji Lu Yu bian qu zheng fu jiao yu ting, shen ding ; Zhao Zongtai, Wang Jinsong, Wang Tuyuan, Zhang Juyan, former owners --</subfield><subfield code="t">Gao ji zi ran ke ben. di 1 ce, di 2 xue nian di 1 xue qi shi yong</subfield><subfield code="g">(1944. 32 pages : illustrations) /</subfield><subfield code="r">Wen Jize ; Jin Ji Lu Yu bian qu zheng fu jiao yu ting, shen ding --</subfield><subfield code="t">Gao ji zi ran ke ben. di 3 ce, di 2 xue nian di 1 xue qi shi yong</subfield><subfield code="g">(1944. 38 pages : illustrations) /</subfield><subfield code="r">Xin Anting ; Jin Ji Lu Yu bian qu zheng fu jiao yu ting, shen ding --</subfield><subfield code="t">Zi ran ke ben. di 1 ce</subfield><subfield code="g">([194-]. 36 pages : illustrations. 3 copies) /</subfield><subfield code="r">Jin Ji Lu Yu bian qu zheng fu jiao yu ting, shen ding --</subfield><subfield code="t">Zi ran ke ben. di 2 ce</subfield><subfield code="g">(October 1946. 39 pages : illustrations) /</subfield><subfield code="r">Peng Qingzhao ; Jin Ji Lu Yu bian qu zheng fu jiao yu ting, shen ding --</subfield><subfield code="t">Zi ran ke ben. di 2 ce</subfield><subfield code="g">(July 1946. 39 pages : illustrations. 3 copies) /</subfield><subfield code="r">Peng Qingzhao ; Jin Ji Lu Yu bian qu zheng fu jiao yu ting, shen ding --</subfield><subfield code="t">Gao xiao zi ran ke ben. di 3 ce</subfield><subfield code="g">([194-] 52 pages : illustrations. 2 copies) /</subfield><subfield code="r">Peng Qingzhao ; Jin Ji Lu Yu bian qu zheng fu jiao yu ting, shen ding --</subfield><subfield code="t">Gao xiao zi ran ke ben. di 4 ce</subfield><subfield code="g">([194-] 42 pages : illustrations) /</subfield><subfield code="r">Jin Ji Lu Yu bian qu zheng fu jiao yu ting, shen ding --</subfield><subfield code="t">Gao xiao zi ran ke ben. di 2 ce</subfield><subfield code="g">([194-] 42 pages : illustrations) /</subfield><subfield code="r">Peng Qingzhao ; Jin Ji Lu Yu bian qu zheng fu jiao yu ting, shen ding --</subfield><subfield code="t">Gao ji zi ran ke ben : gao ji xiao xue shi yong. di 1 ce</subfield><subfield code="g">(1946. 38 pages : illustrations) /</subfield><subfield code="r">Jin Ji Lu Yu bian qu zheng fu jiao yu ting, shen ding --</subfield><subfield code="t">Zi ran ke ben. gao ji di 2 ce, wu nian ji xia xue qi yong</subfield><subfield code="g">(1946. 54 pages : illustrations) /</subfield><subfield code="r">Shandong Sheng jiao dong qu xing zheng gong shu jiao yu chu --</subfield><subfield code="t">Gao ji xiao xue zi ran ke ben. di 2 ce, wu nian ji xia xue qi yong</subfield><subfield code="g">(1947. 26 pages : illustrations) /</subfield><subfield code="r">Shandong Sheng zheng fu jiao yu ting, shen ding --</subfield><subfield code="t">Gao ji zi ran. di 1 ce, gao ji di 1 xue nian di 1 xue qi yong</subfield><subfield code="g">(1944. 32 pages) /</subfield><subfield code="r">Shandong Sheng jiao yu chu, shen ding ; Pan Yumin, former owner --</subfield><subfield code="t">Chu ji xiao xue xiao yong chang shi ke ben. di 1 ce</subfield><subfield code="g">([194-] 47 pages : chiefly illustrations) /</subfield><subfield code="r">Shandong Sheng bian shen wei yuan hui ; Xu Mei, former owner --</subfield><subfield code="t">Guo fang zi ran ke ben : xiao xue xiao qiu ji yong. gao ji di 3 ce</subfield><subfield code="g">(1943. 25 pages) /</subfield><subfield code="r">Jiao dong guo fang jiao cai bian ji wei yuan hui ; Zhang Zongyao, former owner --</subfield><subfield code="t">Gao ji guo fang zi ran ke ben. di 2 ce, di 5 nian ji xia ji yong</subfield><subfield code="g">(1943. 13 pages) /</subfield><subfield code="r">Guo fang jiao cai bian ji wei yuan hui ; Zhang Zongyao, former owner --</subfield><subfield code="t">Guo fang zi ran ke ben : xiao xue xiao dong ji yong. gao ji di 3 ce</subfield><subfield code="g">([194-] 26 pages) --</subfield><subfield code="t">Guo fang zi ran ke ben : xiao xue xiao dong ji yong. gao ji di 6 ce</subfield><subfield code="g">(1944. 24 pages) /</subfield><subfield code="r">Guo fang jiao cai bian ji wei yuan hui ; Zhang Zongting, former owner</subfield></datafield><datafield ind1="0" ind2="0" tag="505"><subfield code="6">880-03</subfield><subfield code="g">II. Publications in Chinese Communist-controlled areas during the 1940s:</subfield><subfield code="t">Bei ji xin tian di</subfield><subfield code="g">(1942. 2nd ed. 80 pages : portraits, illustrations) /</subfield><subfield code="r">Lu Luo --</subfield><subfield code="t">You qu de wen ti</subfield><subfield code="g">(1943. 70 pages : illustrations) /</subfield><subfield code="r">Yu Zhaokun --</subfield><subfield code="t">Yan'an Shi jiu cheng min ban xiao xue de jiao xue jing yan yu guan li fang fa</subfield><subfield code="g">(1946. 19 pages) --</subfield><subfield code="t">Guan yu xue xi wen ti gei huai bei qu dang wei de xin</subfield><subfield code="g">(1944. 16 pages) /</subfield><subfield code="r">Liu Zijiu --</subfield><subfield code="t">Zen yang hua hua</subfield><subfield code="g">(1947. Vol. 1-2 : color, portraits) /</subfield><subfield code="r">Lucheng jiao yu ke, shen ding --</subfield><subfield code="t">Ge ju xuan ji. di 1 fen ce</subfield><subfield code="g">(1 volume : music) /</subfield><subfield code="r">Zuoquan Xian wen wei hui --</subfield><subfield code="t">Feng yun lei dian</subfield><subfield code="g">(1943. 66 pages : illustrations) /</subfield><subfield code="r">Huang Shouci --</subfield><subfield code="t">Tai nan qun zhong chuang zuo xuan. di 1 ji</subfield><subfield code="g">(1947. 17 pages) /</subfield><subfield code="r">Taihang san zhuan shu jiao yu ke --</subfield><subfield code="t">Mao Zedong de gu shi</subfield><subfield code="g">([194-] 22 pages : portraits, illustrations) --</subfield><subfield code="t">Wu hu! ru ci zhi da hou fang wen hua jiao yu</subfield><subfield code="g">(1943. 17 pages) --</subfield><subfield code="t">Xiao xian sheng shou ce</subfield><subfield code="g">(1946. 34 pages) /</subfield><subfield code="r">Yan wei wen hua gong ying she bian ji bu --</subfield><subfield code="t">Bao pi lao ye : min xiao dong xue bu chong jiao cai</subfield><subfield code="g">(36 pages) /</subfield><subfield code="r">Zhang You, editor</subfield></datafield><datafield ind1="0" ind2="0" tag="505"><subfield code="6">880-04</subfield><subfield code="g">III. Other miscelaneous works:</subfield><subfield code="t">Tu hua</subfield><subfield code="g">([1964-197-?] Sketch book, 1 volume) --</subfield><subfield code="t">Er ge hua pian. di 4 ji di 3 zhong</subfield><subfield code="g">(1933. Accordion book. 12 unnumbered pages : color illustrations) /</subfield><subfield code="r">Cao Huifang ; Zhao Baishan, illustrator --</subfield><subfield code="t">Mao zhu xi yu lu shu qian</subfield><subfield code="g">(6 cards : color illustrations) /</subfield><subfield code="r">Mao Zedong --</subfield><subfield code="t">Er tong jiao yu xi guan pian</subfield><subfield code="g">(Postcards. 6 cards : color) --</subfield><subfield code="t">[Tu hua gu shi]</subfield><subfield code="g">(multiple sheets : color) /</subfield><subfield code="r">Tianjin Gulou bei da jie yu shun cheng fang ji, producer --</subfield><subfield code="t">[He ka, shu qian zhao pian, wan ju]</subfield><subfield code="g">(5 cards: color) --</subfield><subfield code="t">1950 nian chun jie xuan chuan hua xuan</subfield><subfield code="g">(1950. picture book. 31 pages) /</subfield><subfield code="r">Beijing Shi ren min mei shu gong zuo shi, illustrator --</subfield><subfield code="t">Bei fang hua la ding hua fang an</subfield><subfield code="g">(1944, 3rd ed. 40 pages) --</subfield><subfield code="t">Mei gui hua hou</subfield><subfield code="g">(1930, 47 pages : illustrations) /</subfield><subfield code="r">Wu Hanyun --</subfield><subfield code="t">Biao ge de li wu</subfield><subfield code="g">(1930, 45 pages : illustrations) /</subfield><subfield code="r">Wu Hanyun --</subfield><subfield code="t">Xiao xue jiao shi de liang you</subfield><subfield code="g">(1935, 1 volume) /</subfield><subfield code="r">Li Tianyi --</subfield><subfield code="t">Ping min jia ting jiao yu = People's home education</subfield><subfield code="g">(1940. Rev. 6th ed. 78 pages : illustrations) /</subfield><subfield code="r">Cai Yongchun, Dorothy Dickinson Barbour, Song Enle, etc. --</subfield><subfield code="t">Yi ge ren de nan shou : mu ke lian huan tu hua</subfield><subfield code="g">(1951. 4th ed. lian huan hua. 33 pages) /</subfield><subfield code="r">Frans Maserell ; Lu Xun, writer of preface --</subfield><subfield code="t">Deguo xin wu qi: shi er zhong xin wu qi gai huan zhan ju</subfield><subfield code="g">([not after 1945] 24 pages : illustrations) --</subfield><subfield code="t">Chuo chuan zhi lao hu: fan qin lüe man hua xuan</subfield><subfield code="g">(1951. comic book. 72 pages) /</subfield><subfield code="r">Zhongguo bao wei shi jie he ping fan dui Meiguo qin lüe xuan chuan wei yuan hui wen yi zu, Zhonghua quan guo wen xue yi shu jie lian he hui kang mei yuan chao xuan chuan wei yuan hui, Zhonghua quan guo mei shu gong zuo zhe xie hui.</subfield></datafield><datafield ind1=" " ind2="0" tag="650"><subfield code="a">Natural history</subfield><subfield code="v">Textbooks.</subfield></datafield><datafield ind1=" " ind2="0" tag="650"><subfield code="a">Education</subfield><subfield code="z">China.</subfield></datafield><datafield ind1=" " ind2="0" tag="651"><subfield code="a">China</subfield><subfield code="x">Social conditions</subfield><subfield code="y">1912-1949.</subfield></datafield><datafield ind1=" " ind2="6" tag="651"><subfield code="a">Chine</subfield><subfield code="x">Conditions sociales</subfield><subfield code="y">1912-1949.</subfield></datafield><datafield ind1=" " ind2="7" tag="648"><subfield code="a">1912-1949</subfield><subfield code="2">fast</subfield></datafield><datafield ind1=" " ind2="7" tag="650"><subfield code="a">Education</subfield><subfield code="2">fast</subfield></datafield><datafield ind1=" " ind2="7" tag="650"><subfield code="a">Natural history</subfield><subfield code="2">fast</subfield></datafield><datafield ind1=" " ind2="7" tag="650"><subfield code="a">Social conditions</subfield><subfield code="2">fast</subfield></datafield><datafield ind1=" " ind2="7" tag="651"><subfield code="a">China</subfield><subfield code="2">fast</subfield><subfield code="1">https://id.oclc.org/worldcat/entity/E39PBJcrd4RjtCBk4wfMhTwwG3</subfield></datafield><datafield ind1=" " ind2="0" tag="655"><subfield code="a">Textbooks</subfield><subfield code="z">China.</subfield><subfield code="0">(uri) http://id.loc.gov/authorities/subjects/gf2014026191</subfield></datafield><datafield ind1=" " ind2="7" tag="655"><subfield code="a">Textbooks</subfield><subfield code="2">fast</subfield></datafield><datafield ind1=" " ind2="7" tag="655"><subfield code="a">Textbooks.</subfield><subfield code="2">lcgft</subfield></datafield><datafield ind1="0" ind2="0" tag="880"><subfield code="6">245-01</subfield><subfield code="a">[四十年代自然课本与解放区出版物]</subfield><subfield code="g">bulk (1940-1951).</subfield></datafield><datafield ind1="0" ind2="0" tag="880"><subfield code="6">505-02</subfield><subfield code="g">I. 四十年代自然课本:</subfield><subfield code="t">高級自然課本</subfield><subfield code="g">(1947. Vol. 1-3 : illustrations. Vol. 1 has 4 copies, vol. 2 has 3 copies, vol. 3 has 2 copies) /</subfield><subfield code="r">編著者彭慶昭 ; 晉冀魯豫邊區政府教育廳審定 ; 趙宗泰, 王金松, 王土元, 張居岩, former owners --</subfield><subfield code="t">--</subfield><subfield code="t">高級自然課本. 第一冊, 第二學年第一學期適用</subfield><subfield code="g">(1944. 32 pages : illustrations) /</subfield><subfield code="r">編著者溫濟澤 ; 晉冀魯豫邊區政府教育廳審定 --</subfield><subfield code="t">高級自然課本. 第三冊, 第二學年第一學期適用</subfield><subfield code="g">(1944. 38 pages : illustrations) /</subfield><subfield code="r">編著者辛安亭 ; 晉冀魯豫邊區政府教育廳審定 --</subfield><subfield code="t">自然課本. 第一冊</subfield><subfield code="g">([194-]. 36 pages : illustrations. 3 copies) /</subfield><subfield code="r">晉冀魯豫邊區政府教育廳審定 --</subfield><subfield code="t">自然課本. 第二冊</subfield><subfield code="g">(October 1946. 39 pages : illustrations) /</subfield><subfield code="r">編著者彭慶昭 ; 晉冀魯豫邊區政府教育廳審定 --</subfield><subfield code="t">自然課本. 第二冊</subfield><subfield code="g">(July 1946. 39 pages : illustrations. 3 copies) /</subfield><subfield code="r">編著者彭慶昭 ; 晉冀魯豫邊區政府教育廳審定 --</subfield><subfield code="t">高小自然課本. 第三冊</subfield><subfield code="g">([194-] 52 pages : illustrations. 2 copies) /</subfield><subfield code="r">編著者彭慶昭 ; 晉冀魯豫邊區政府教育廳審定 --</subfield><subfield code="t">高小自然課本. 第四冊</subfield><subfield code="g">([194-] 42 pages : illustrations) /</subfield><subfield code="r">晉冀魯豫邊區政府教育廳審定 --</subfield><subfield code="t">高小自然課本. 第二冊</subfield><subfield code="g">([194-] 42 pages : illustrations) /</subfield><subfield code="r">編著者彭慶昭 ; 晉冀魯豫邊區政府教育廳審定 --</subfield><subfield code="t">高級自然課本 : 高級小學適用. 第一冊</subfield><subfield code="g">(1946. 38 pages : illustrations) /</subfield><subfield code="r">晉冀魯豫邊區政府教育廳審訂 --</subfield><subfield code="t">自然課本. 高級第二冊, 五年級下學期用</subfield><subfield code="g">(1946. 54 pages : illustrations) /</subfield><subfield code="r">山東省膠東區行政公署教育處編 --</subfield><subfield code="t">高級小學自然課本. 第二冊, 五年級下學期用</subfield><subfield code="g">(1947. 26 pages : illustrations) /</subfield><subfield code="r">山東省政府教育廳審定 --</subfield><subfield code="t">高級自然. 第一冊, 高級第一學年第一學期用</subfield><subfield code="g">(1944. 32 pages) /</subfield><subfield code="r">山東省教育處審定 ; 潘玉民, former owner --</subfield><subfield code="t">初級小學校用常識課本. 第一冊</subfield><subfield code="g">([194-] 47 pages : chiefly illustrations) /</subfield><subfield code="r">山東省編審委員會 ; 許美, former owner --</subfield><subfield code="t">國防自然課本 : 小學校秋季用. 高級第三冊</subfield><subfield code="g">(1943. 25 pages) /</subfield><subfield code="r">膠東國防教材編輯委員會 ; 張宗堯, former owner --</subfield><subfield code="t">高級國防自然課本. 第二冊, 第五年级夏季用</subfield><subfield code="g">(1943. 13 pages) /</subfield><subfield code="r">國防教材編輯委員會 ; 張宗堯, former owner --</subfield><subfield code="t">國防自然課本 : 小學校冬季用. 高級第三冊</subfield><subfield code="g">([194-] 26 pages) --</subfield><subfield code="t">國防自然課本 : 小學校冬季用. 高級第六冊</subfield><subfield code="g">(1944. 24 pages) /</subfield><subfield code="r">國防教材編輯委員會 ; 張宗亭, former owner</subfield></datafield><datafield ind1="0" ind2="0" tag="880"><subfield code="6">505-03</subfield><subfield code="g">II. 四十年代解放区出版物:</subfield><subfield code="t">北極新天地</subfield><subfield code="g">(1942. 2nd ed. 80 pages : portraits, illustrations) /</subfield><subfield code="r">陸洛 --</subfield><subfield code="t">有趣的問題</subfield><subfield code="g">(1943. 70 pages : illustrations) /</subfield><subfield code="r">余兆崐 --</subfield><subfield code="t">延安市舊城民辦小學的教學經驗与管理方法</subfield><subfield code="g">(1946. 19 pages) --</subfield><subfield code="t">關於學習問題給淮北區黨委的信</subfield><subfield code="g">(1944. 16 pages) /</subfield><subfield code="r">劉子久 --</subfield><subfield code="t">怎樣畫畫</subfield><subfield code="g">(1947. Vol. 1-2 : color, portraits) /</subfield><subfield code="r">潞城教育科審定 --</subfield><subfield code="t">歌劇选輯. 第一分冊</subfield><subfield code="g">(1 volume : music) /</subfield><subfield code="r">左權縣文委会 --</subfield><subfield code="t">風雲雷電</subfield><subfield code="g">(1943. 66 pages : illustrations) /</subfield><subfield code="r">黃壽慈 --</subfield><subfield code="t">太南群衆創作選. 第一輯</subfield><subfield code="g">(1947. 17 pages) /</subfield><subfield code="r">太行三專署教育科 --</subfield><subfield code="t">毛澤東的故事</subfield><subfield code="g">([194-] 22 pages : portraits, illustrations) --</subfield><subfield code="t">嗚呼! 如此之大後方文化教育</subfield><subfield code="g">(1943. 17 pages) --</subfield><subfield code="t">小先生手冊</subfield><subfield code="g">(1946. 34 pages) /</subfield><subfield code="r">烟威文化供應社編輯部 --</subfield><subfield code="t">剝皮老爺 : 民校冬學補充教材</subfield><subfield code="g">(36 pages) /</subfield><subfield code="r">張友, editor</subfield></datafield><datafield ind1="0" ind2="0" tag="880"><subfield code="6">505-04</subfield><subfield code="g">III. 其他:</subfield><subfield code="t">图画</subfield><subfield code="g">([1964-197-] Sketch book, 1 volume) --</subfield><subfield code="t">兒歌畫片. 第四集第三種</subfield><subfield code="g">(1933. Accordion book. 12 unnumbered pages : color illustrations) /</subfield><subfield code="r">曹惠芳 ; 繪畫者趙白山 --</subfield><subfield code="t">毛主席语录书签</subfield><subfield code="g">(6 cards : color illustrations) /</subfield><subfield code="r">毛泽东 --</subfield><subfield code="t">兒童教育習慣片</subfield><subfield code="g">(Postcards. 6 cards : color) --</subfield><subfield code="t">[圖畫故事]</subfield><subfield code="g">(multiple sheets : color) /</subfield><subfield code="r">天津鼓樓北大街毓順成芳記出品 --</subfield><subfield code="t">[贺卡, 书签 照片, 玩具]</subfield><subfield code="g">(5 cards: color) --</subfield><subfield code="t">1950年春節宣傳畫選</subfield><subfield code="g">(1950. 圖畫書. 31 pages) /</subfield><subfield code="r">北京市人民美術工作室繪編 --</subfield><subfield code="t">北方話拉丁化方案</subfield><subfield code="g">(1944, 3rd ed. 40 pages) --</subfield><subfield code="t">玫瑰花后</subfield><subfield code="g">(1930, 47 pages : illustrations) /</subfield><subfield code="r">吳翰雲 --</subfield><subfield code="t">表哥的禮物</subfield><subfield code="g">(1930, 45 pages : illustrations) /</subfield><subfield code="r">吳翰雲 --</subfield><subfield code="t">小學教師的良友</subfield><subfield code="g">(1935, 1 volume) /</subfield><subfield code="r">李天義 --</subfield><subfield code="t">平民家庭教育 = People's home education</subfield><subfield code="g">(1940. Rev. 6th ed. 78 pages : illustrations) /</subfield><subfield code="r">著作者蔡詠春, 巴狄德水, 宋恩樂等 --</subfield><subfield code="t">一個人的難受 : 木刻連環啚画</subfield><subfield code="g">(1951. 4th ed. 连环画. 33 pages) /</subfield><subfield code="r">麥綏萊勒作 ; 魯迅序 --</subfield><subfield code="t">德國新武器: 十二種新武器改換戰局</subfield><subfield code="g">([not after 1945] 24 pages : illustrations) --</subfield><subfield code="t">戳穿紙老虎: 反侵略漫畫選</subfield><subfield code="g">(1951. 漫畫書. 72 pages) /</subfield><subfield code="r">中國保衛世界和平反對美國侵略宣傳委員會文藝組, 中華全國文學藝術界聯合會抗美援朝宣傳委員會, 中華全國美術工作者協會.</subfield></datafield></record></collection>